<record xmlns="http://www.loc.gov/MARC21/slim">
   <leader>23584cas a2202353 a 4500</leader>
   <controlfield tag="001">1399611</controlfield>
   <controlfield tag="005">19910227000000.0</controlfield>
   <controlfield tag="008">910903m19859999mbcqr p           a0eng d</controlfield>
   <datafield ind1=" " ind2=" " tag="010">
      <subfield code="a">cn 86030901</subfield>
   </datafield>
   <datafield ind1="0" ind2=" " tag="022">
      <subfield code="a">0831-2559</subfield>
   </datafield>
   <datafield ind1=" " ind2=" " tag="035">
      <subfield code="a">ocm14954880</subfield>
   </datafield>
   <datafield ind1=" " ind2=" " tag="037">
      <subfield code="b">Arts Manitoba, 301-160 Princess St., Winnipeg, Man. R3B 1K9</subfield>
   </datafield>
   <datafield ind1=" " ind2=" " tag="040">
      <subfield code="a">CaOONLP</subfield>
      <subfield code="b">eng</subfield>
      <subfield code="c">CaOONL</subfield>
      <subfield code="d">NST</subfield>
      <subfield code="d">CaOONL</subfield>
   </datafield>
   <datafield ind1=" " ind2=" " tag="042">
      <subfield code="a">nlc</subfield>
      <subfield code="a">isds/c</subfield>
   </datafield>
   <datafield ind1=" " ind2=" " tag="043">
      <subfield code="a">n-cn-mb</subfield>
      <subfield code="a">n-cnp--</subfield>
      <subfield code="a">n-cn-bc</subfield>
   </datafield>
   <datafield ind1=" " ind2=" " tag="049">
      <subfield code="a">AEU</subfield>
      <subfield code="b">eng</subfield>
   </datafield>
   <datafield ind1="0" ind2="1" tag="055">
      <subfield code="a">NX1</subfield>
   </datafield>
   <datafield ind1="0" ind2=" " tag="082">
      <subfield code="a">700/.97127</subfield>
      <subfield code="2">19</subfield>
   </datafield>
   <datafield ind1="0" ind2=" " tag="090">
      <subfield code="a">NX 1 A7952</subfield>
      <subfield code="b">AEU</subfield>
   </datafield>
   <datafield ind1=" " ind2=" " tag="090">
      <subfield code="a">NX 1 A78</subfield>
      <subfield code="b">ARDC</subfield>
   </datafield>
   <datafield ind1=" " ind2=" " tag="090">
      <subfield code="a">PER</subfield>
      <subfield code="b">AEGMCT</subfield>
   </datafield>
   <datafield ind1="0" ind2=" " tag="130">
      <subfield code="a">Border crossings (Winnipeg, Man.)</subfield>
   </datafield>
   <datafield ind1="0" ind2=" " tag="210">
      <subfield code="a">Border crossings</subfield>
   </datafield>
   <datafield ind1=" " ind2="0" tag="222">
      <subfield code="a">Border crossings</subfield>
   </datafield>
   <datafield ind1="0" ind2="0" tag="245">
      <subfield code="a">Border crossings.</subfield>
   </datafield>
   <datafield ind1=" " ind2=" " tag="260">
      <subfield code="a">[Winnipeg :</subfield>
      <subfield code="b">Arts Manitoba Publications,</subfield>
      <subfield code="c">1985]-</subfield>
   </datafield>
   <datafield ind1=" " ind2=" " tag="300">
      <subfield code="a">v. :</subfield>
      <subfield code="b">ill. ;</subfield>
      <subfield code="c">28 cm.</subfield>
   </datafield>
   <datafield ind1=" " ind2=" " tag="310">
      <subfield code="a">Quarterly</subfield>
   </datafield>
   <datafield ind1=" " ind2=" " tag="336">
      <subfield code="a">text</subfield>
      <subfield code="b">txt</subfield>
      <subfield code="2">rdacontent</subfield>
   </datafield>
   <datafield ind1=" " ind2=" " tag="337">
      <subfield code="a">unmediated</subfield>
      <subfield code="b">n</subfield>
      <subfield code="2">rdamedia</subfield>
   </datafield>
   <datafield ind1=" " ind2=" " tag="338">
      <subfield code="a">volume</subfield>
      <subfield code="b">nc</subfield>
      <subfield code="2">rdacarrier</subfield>
   </datafield>
   <datafield ind1="0" ind2=" " tag="362">
      <subfield code="a">Vol. 4, no. 4 (fall 1985)-</subfield>
   </datafield>
   <datafield ind1=" " ind2=" " tag="500">
      <subfield code="a">Title from cover.</subfield>
   </datafield>
   <datafield ind1=" " ind2=" " tag="515">
      <subfield code="a">Issues for v. 17, no. 2 (May 1998)- also called issue no. 66-</subfield>
   </datafield>
   <datafield ind1=" " ind2=" " tag="596">
      <subfield code="a">35 38 43 56</subfield>
   </datafield>
   <datafield ind1="2" ind2="0" tag="610">
      <subfield code="a">Arts Manitoba</subfield>
      <subfield code="v">Periodicals.</subfield>
   </datafield>
   <datafield ind1=" " ind2="0" tag="650">
      <subfield code="a">Arts</subfield>
      <subfield code="z">Canada, Western</subfield>
      <subfield code="v">Periodicals.</subfield>
   </datafield>
   <datafield ind1="2" ind2=" " tag="710">
      <subfield code="a">Arts Manitoba.</subfield>
   </datafield>
   <datafield ind1="0" ind2="0" tag="780">
      <subfield code="t">Arts Manitoba</subfield>
      <subfield code="x">0702-7427</subfield>
   </datafield>
   <datafield ind1=" " ind2=" " tag="940">
      <subfield code="a">NO EJOURNAL HOLDINGS</subfield>
   </datafield>
   <datafield ind1=" " ind2=" " tag="926">
      <subfield code="a">NX 1 A7952 v.4 1985</subfield>
      <subfield code="w">LCPER</subfield>
      <subfield code="c">1</subfield>
      <subfield code="i">000038178349</subfield>
      <subfield code="l">ON_SHELF</subfield>
      <subfield code="m">UAHSS</subfield>
      <subfield code="p">$150.00</subfield>
      <subfield code="r">Y</subfield>
      <subfield code="s">Y</subfield>
      <subfield code="t">PERIODICAL</subfield>
      <subfield code="u">11/26/1991</subfield>
   </datafield>
   <datafield ind1=" " ind2=" " tag="926">
      <subfield code="a">NX 1 A7952 v.6 1986/1987</subfield>
      <subfield code="w">LCPER</subfield>
      <subfield code="c">1</subfield>
      <subfield code="i">000038178356</subfield>
      <subfield code="l">ON_SHELF</subfield>
      <subfield code="m">UAHSS</subfield>
      <subfield code="p">$150.00</subfield>
      <subfield code="r">Y</subfield>
      <subfield code="s">Y</subfield>
      <subfield code="t">PERIODICAL</subfield>
      <subfield code="u">11/26/1991</subfield>
   </datafield>
   <datafield ind1=" " ind2=" " tag="926">
      <subfield code="a">NX 1 A7952 v.7 1988</subfield>
      <subfield code="w">LCPER</subfield>
      <subfield code="c">1</subfield>
      <subfield code="i">000038178364</subfield>
      <subfield code="d">3/27/2008</subfield>
      <subfield code="e">3/24/2008</subfield>
      <subfield code="l">ON_SHELF</subfield>
      <subfield code="m">UAHSS</subfield>
      <subfield code="n">1</subfield>
      <subfield code="p">$150.00</subfield>
      <subfield code="r">Y</subfield>
      <subfield code="s">Y</subfield>
      <subfield code="t">PERIODICAL</subfield>
      <subfield code="u">11/26/1991</subfield>
   </datafield>
   <datafield ind1=" " ind2=" " tag="926">
      <subfield code="a">NX 1 A7952 v.5 1985/1986</subfield>
      <subfield code="w">LCPER</subfield>
      <subfield code="c">1</subfield>
      <subfield code="i">000037508421</subfield>
      <subfield code="d">4/9/2008</subfield>
      <subfield code="e">4/8/2008</subfield>
      <subfield code="l">ON_SHELF</subfield>
      <subfield code="m">UAHSS</subfield>
      <subfield code="n">3</subfield>
      <subfield code="p">$150.00</subfield>
      <subfield code="r">Y</subfield>
      <subfield code="s">Y</subfield>
      <subfield code="t">PERIODICAL</subfield>
      <subfield code="u">2/18/1992</subfield>
   </datafield>
   <datafield ind1=" " ind2=" " tag="926">
      <subfield code="a">NX 1 A7952 v.8 1988/1989</subfield>
      <subfield code="w">LCPER</subfield>
      <subfield code="c">1</subfield>
      <subfield code="i">000038247888</subfield>
      <subfield code="d">1/22/2007</subfield>
      <subfield code="e">1/18/2007</subfield>
      <subfield code="l">ON_SHELF</subfield>
      <subfield code="m">UAHSS</subfield>
      <subfield code="n">1</subfield>
      <subfield code="p">$150.00</subfield>
      <subfield code="r">Y</subfield>
      <subfield code="s">Y</subfield>
      <subfield code="t">PERIODICAL</subfield>
      <subfield code="u">2/18/1992</subfield>
   </datafield>
   <datafield ind1=" " ind2=" " tag="926">
      <subfield code="a">NX 1 A7952 v.11:no.4 1992</subfield>
      <subfield code="w">LCPER</subfield>
      <subfield code="c">1</subfield>
      <subfield code="i">0162003617428</subfield>
      <subfield code="d">6/10/2016</subfield>
      <subfield code="e">4/23/2016</subfield>
      <subfield code="k">LOST-ASSUM</subfield>
      <subfield code="l">ON_SHELF</subfield>
      <subfield code="m">UAHSS</subfield>
      <subfield code="n">5</subfield>
      <subfield code="p">$150.00</subfield>
      <subfield code="r">M</subfield>
      <subfield code="s">Y</subfield>
      <subfield code="t">PERIODICAL</subfield>
      <subfield code="u">11/6/1995</subfield>
   </datafield>
   <datafield ind1=" " ind2=" " tag="926">
      <subfield code="a">NX 1 A7952 v.9 1990</subfield>
      <subfield code="w">LCPER</subfield>
      <subfield code="c">1</subfield>
      <subfield code="i">0162005404106</subfield>
      <subfield code="d">1/31/2000</subfield>
      <subfield code="l">ON_SHELF</subfield>
      <subfield code="m">UAHSS</subfield>
      <subfield code="n">3</subfield>
      <subfield code="p">$150.00</subfield>
      <subfield code="r">Y</subfield>
      <subfield code="s">Y</subfield>
      <subfield code="t">PERIODICAL</subfield>
      <subfield code="u">7/22/1996</subfield>
   </datafield>
   <datafield ind1=" " ind2=" " tag="926">
      <subfield code="a">NX 1 A7952 v.10 1991</subfield>
      <subfield code="w">LCPER</subfield>
      <subfield code="c">1</subfield>
      <subfield code="i">0162005404114</subfield>
      <subfield code="d">9/15/2006</subfield>
      <subfield code="e">9/13/2006</subfield>
      <subfield code="l">ON_SHELF</subfield>
      <subfield code="m">UAHSS</subfield>
      <subfield code="n">2</subfield>
      <subfield code="p">$150.00</subfield>
      <subfield code="r">Y</subfield>
      <subfield code="s">Y</subfield>
      <subfield code="t">PERIODICAL</subfield>
      <subfield code="u">7/22/1996</subfield>
   </datafield>
   <datafield ind1=" " ind2=" " tag="926">
      <subfield code="a">NX 1 A7952 v.11: no.1-3 1992</subfield>
      <subfield code="w">LCPER</subfield>
      <subfield code="c">1</subfield>
      <subfield code="i">0162005404122</subfield>
      <subfield code="d">10/25/2014</subfield>
      <subfield code="e">9/17/2014</subfield>
      <subfield code="l">ON_SHELF</subfield>
      <subfield code="m">UAHSS</subfield>
      <subfield code="n">2</subfield>
      <subfield code="p">$150.00</subfield>
      <subfield code="r">Y</subfield>
      <subfield code="s">Y</subfield>
      <subfield code="t">PERIODICAL</subfield>
      <subfield code="u">7/22/1996</subfield>
   </datafield>
   <datafield ind1=" " ind2=" " tag="926">
      <subfield code="a">NX 1 A7952 v.12 1993</subfield>
      <subfield code="w">LCPER</subfield>
      <subfield code="c">1</subfield>
      <subfield code="i">0162016727081</subfield>
      <subfield code="l">ON_SHELF</subfield>
      <subfield code="m">UAHSS</subfield>
      <subfield code="p">$150.00</subfield>
      <subfield code="r">Y</subfield>
      <subfield code="s">Y</subfield>
      <subfield code="t">PERIODICAL</subfield>
      <subfield code="u">1/24/2003</subfield>
   </datafield>
   <datafield ind1=" " ind2=" " tag="926">
      <subfield code="a">NX 1 A78</subfield>
      <subfield code="w">LCPER</subfield>
      <subfield code="c">1</subfield>
      <subfield code="i">30125301021001</subfield>
      <subfield code="l">FLOOR_2</subfield>
      <subfield code="m">RED_DEER_C</subfield>
      <subfield code="p">$75.00</subfield>
      <subfield code="r">Y</subfield>
      <subfield code="s">Y</subfield>
      <subfield code="t">PERIODICAL</subfield>
      <subfield code="u">11/6/1997</subfield>
   </datafield>
   <datafield ind1=" " ind2=" " tag="926">
      <subfield code="a">NX 1 A7952 v.4: no.4 1985</subfield>
      <subfield code="w">LCPER</subfield>
      <subfield code="c">1</subfield>
      <subfield code="i">0162019548328</subfield>
      <subfield code="l">ON_SHELF</subfield>
      <subfield code="m">UABARD</subfield>
      <subfield code="p">$150.00</subfield>
      <subfield code="r">Y</subfield>
      <subfield code="s">Y</subfield>
      <subfield code="t">PERIODICAL</subfield>
      <subfield code="u">10/1/2004</subfield>
      <subfield code="o">.STAFF. B0025430</subfield>
   </datafield>
   <datafield ind1=" " ind2=" " tag="926">
      <subfield code="a">NX 1 A7952 v.5: no.1 1985</subfield>
      <subfield code="w">LCPER</subfield>
      <subfield code="c">1</subfield>
      <subfield code="i">0162019548336</subfield>
      <subfield code="l">ON_SHELF</subfield>
      <subfield code="m">UABARD</subfield>
      <subfield code="p">$150.00</subfield>
      <subfield code="r">Y</subfield>
      <subfield code="s">Y</subfield>
      <subfield code="t">PERIODICAL</subfield>
      <subfield code="u">10/1/2004</subfield>
      <subfield code="o">.STAFF. B0025430</subfield>
   </datafield>
   <datafield ind1=" " ind2=" " tag="926">
      <subfield code="a">NX 1 A7952 v.5: no.2 1986</subfield>
      <subfield code="w">LCPER</subfield>
      <subfield code="c">1</subfield>
      <subfield code="i">0162019548344</subfield>
      <subfield code="l">ON_SHELF</subfield>
      <subfield code="m">UABARD</subfield>
      <subfield code="p">$150.00</subfield>
      <subfield code="r">Y</subfield>
      <subfield code="s">Y</subfield>
      <subfield code="t">PERIODICAL</subfield>
      <subfield code="u">10/1/2004</subfield>
      <subfield code="o">.STAFF. B0025430</subfield>
   </datafield>
   <datafield ind1=" " ind2=" " tag="926">
      <subfield code="a">NX 1 A7952 v.5: no.4 1986</subfield>
      <subfield code="w">LCPER</subfield>
      <subfield code="c">1</subfield>
      <subfield code="i">0162019548351</subfield>
      <subfield code="l">ON_SHELF</subfield>
      <subfield code="m">UABARD</subfield>
      <subfield code="p">$150.00</subfield>
      <subfield code="r">Y</subfield>
      <subfield code="s">Y</subfield>
      <subfield code="t">PERIODICAL</subfield>
      <subfield code="u">10/1/2004</subfield>
      <subfield code="o">.STAFF. B0025430</subfield>
   </datafield>
   <datafield ind1=" " ind2=" " tag="926">
      <subfield code="a">NX 1 A7952 v.6: no.1 1986</subfield>
      <subfield code="w">LCPER</subfield>
      <subfield code="c">1</subfield>
      <subfield code="i">0162019548369</subfield>
      <subfield code="l">ON_SHELF</subfield>
      <subfield code="m">UABARD</subfield>
      <subfield code="p">$150.00</subfield>
      <subfield code="r">Y</subfield>
      <subfield code="s">Y</subfield>
      <subfield code="t">PERIODICAL</subfield>
      <subfield code="u">10/1/2004</subfield>
      <subfield code="o">.STAFF. B0025430</subfield>
   </datafield>
   <datafield ind1=" " ind2=" " tag="926">
      <subfield code="a">NX 1 A7952 v.6: no.2 1987</subfield>
      <subfield code="w">LCPER</subfield>
      <subfield code="c">1</subfield>
      <subfield code="i">0162019548377</subfield>
      <subfield code="l">ON_SHELF</subfield>
      <subfield code="m">UABARD</subfield>
      <subfield code="p">$150.00</subfield>
      <subfield code="r">Y</subfield>
      <subfield code="s">Y</subfield>
      <subfield code="t">PERIODICAL</subfield>
      <subfield code="u">10/1/2004</subfield>
      <subfield code="o">.STAFF. B0025430</subfield>
   </datafield>
   <datafield ind1=" " ind2=" " tag="926">
      <subfield code="a">NX 1 A7952 v.6: no.4 1987</subfield>
      <subfield code="w">LCPER</subfield>
      <subfield code="c">1</subfield>
      <subfield code="i">0162019548385</subfield>
      <subfield code="l">ON_SHELF</subfield>
      <subfield code="m">UABARD</subfield>
      <subfield code="p">$150.00</subfield>
      <subfield code="r">Y</subfield>
      <subfield code="s">Y</subfield>
      <subfield code="t">PERIODICAL</subfield>
      <subfield code="u">10/1/2004</subfield>
      <subfield code="o">.STAFF. B0025430</subfield>
   </datafield>
   <datafield ind1=" " ind2=" " tag="926">
      <subfield code="a">PER v. 27 no. 1 issue 105 February 2008</subfield>
      <subfield code="w">LCPER</subfield>
      <subfield code="c">1</subfield>
      <subfield code="i">1005357197</subfield>
      <subfield code="d">11/4/2008</subfield>
      <subfield code="e">10/31/2008</subfield>
      <subfield code="l">PERIODICAL</subfield>
      <subfield code="m">GR_MAC_CAC</subfield>
      <subfield code="n">2</subfield>
      <subfield code="r">Y</subfield>
      <subfield code="s">Y</subfield>
      <subfield code="t">PERIODICAL</subfield>
      <subfield code="u">3/20/2008</subfield>
   </datafield>
   <datafield ind1=" " ind2=" " tag="926">
      <subfield code="a">PER v. 15 no. 4 November 1996</subfield>
      <subfield code="w">LCPER</subfield>
      <subfield code="c">1</subfield>
      <subfield code="i">1002353314</subfield>
      <subfield code="d">2/10/1997</subfield>
      <subfield code="l">PERIODICAL</subfield>
      <subfield code="m">GR_MAC_CAC</subfield>
      <subfield code="p">$25.00</subfield>
      <subfield code="r">Y</subfield>
      <subfield code="s">Y</subfield>
      <subfield code="t">PERIODICAL</subfield>
      <subfield code="u">2/6/1997</subfield>
   </datafield>
   <datafield ind1=" " ind2=" " tag="926">
      <subfield code="a">PER v. 16 no. 1 February 1997</subfield>
      <subfield code="w">LCPER</subfield>
      <subfield code="c">1</subfield>
      <subfield code="i">1002353710</subfield>
      <subfield code="d">3/10/1997</subfield>
      <subfield code="l">PERIODICAL</subfield>
      <subfield code="m">GR_MAC_CAC</subfield>
      <subfield code="p">$25.00</subfield>
      <subfield code="r">Y</subfield>
      <subfield code="s">Y</subfield>
      <subfield code="t">PERIODICAL</subfield>
      <subfield code="u">3/6/1997</subfield>
   </datafield>
   <datafield ind1=" " ind2=" " tag="926">
      <subfield code="a">PER v. 16 no. 2 May 1997</subfield>
      <subfield code="w">LCPER</subfield>
      <subfield code="c">1</subfield>
      <subfield code="i">1002461539</subfield>
      <subfield code="d">6/12/1997</subfield>
      <subfield code="l">PERIODICAL</subfield>
      <subfield code="m">GR_MAC_CAC</subfield>
      <subfield code="p">$25.00</subfield>
      <subfield code="r">Y</subfield>
      <subfield code="s">Y</subfield>
      <subfield code="t">PERIODICAL</subfield>
      <subfield code="u">6/11/1997</subfield>
   </datafield>
   <datafield ind1=" " ind2=" " tag="926">
      <subfield code="a">PER v. 16 no. 3 August 1997</subfield>
      <subfield code="w">LCPER</subfield>
      <subfield code="c">1</subfield>
      <subfield code="i">1002140687</subfield>
      <subfield code="d">8/22/1997</subfield>
      <subfield code="l">PERIODICAL</subfield>
      <subfield code="m">GR_MAC_CAC</subfield>
      <subfield code="p">$25.00</subfield>
      <subfield code="r">Y</subfield>
      <subfield code="s">Y</subfield>
      <subfield code="t">PERIODICAL</subfield>
      <subfield code="u">8/21/1997</subfield>
   </datafield>
   <datafield ind1=" " ind2=" " tag="926">
      <subfield code="a">PER 1994 FALL</subfield>
      <subfield code="w">LCPER</subfield>
      <subfield code="c">1</subfield>
      <subfield code="i">1001944311</subfield>
      <subfield code="d">11/26/1996</subfield>
      <subfield code="e">11/15/1996</subfield>
      <subfield code="l">PERIODICAL</subfield>
      <subfield code="m">GR_MAC_CAC</subfield>
      <subfield code="n">1</subfield>
      <subfield code="p">$25.00</subfield>
      <subfield code="r">Y</subfield>
      <subfield code="s">Y</subfield>
      <subfield code="t">PERIODICAL</subfield>
      <subfield code="u">3/13/1995</subfield>
   </datafield>
   <datafield ind1=" " ind2=" " tag="926">
      <subfield code="a">PER 1994 SUMMER</subfield>
      <subfield code="w">LCPER</subfield>
      <subfield code="c">1</subfield>
      <subfield code="i">1001823903</subfield>
      <subfield code="d">3/20/1996</subfield>
      <subfield code="l">PERIODICAL</subfield>
      <subfield code="m">GR_MAC_CAC</subfield>
      <subfield code="p">$25.00</subfield>
      <subfield code="r">Y</subfield>
      <subfield code="s">Y</subfield>
      <subfield code="t">PERIODICAL</subfield>
      <subfield code="u">3/9/1995</subfield>
   </datafield>
   <datafield ind1=" " ind2=" " tag="926">
      <subfield code="a">PER 1995 WINTER</subfield>
      <subfield code="w">LCPER</subfield>
      <subfield code="c">1</subfield>
      <subfield code="i">1001944287</subfield>
      <subfield code="d">3/20/1996</subfield>
      <subfield code="l">PERIODICAL</subfield>
      <subfield code="m">GR_MAC_CAC</subfield>
      <subfield code="p">$25.00</subfield>
      <subfield code="r">Y</subfield>
      <subfield code="s">Y</subfield>
      <subfield code="t">PERIODICAL</subfield>
      <subfield code="u">3/9/1995</subfield>
   </datafield>
   <datafield ind1=" " ind2=" " tag="926">
      <subfield code="a">PER v. 15 no. 1 Winter 1996</subfield>
      <subfield code="w">LCPER</subfield>
      <subfield code="c">1</subfield>
      <subfield code="i">1002266961</subfield>
      <subfield code="d">2/22/1996</subfield>
      <subfield code="l">PERIODICAL</subfield>
      <subfield code="m">GR_MAC_CAC</subfield>
      <subfield code="p">$25.00</subfield>
      <subfield code="r">Y</subfield>
      <subfield code="s">Y</subfield>
      <subfield code="t">PERIODICAL</subfield>
      <subfield code="u">2/17/1996</subfield>
   </datafield>
   <datafield ind1=" " ind2=" " tag="926">
      <subfield code="a">PER v. 15 no. 2 May 1996</subfield>
      <subfield code="w">LCPER</subfield>
      <subfield code="c">1</subfield>
      <subfield code="i">1002353330</subfield>
      <subfield code="d">2/10/1997</subfield>
      <subfield code="l">PERIODICAL</subfield>
      <subfield code="m">GR_MAC_CAC</subfield>
      <subfield code="p">$25.00</subfield>
      <subfield code="r">Y</subfield>
      <subfield code="s">Y</subfield>
      <subfield code="t">PERIODICAL</subfield>
      <subfield code="u">2/6/1997</subfield>
   </datafield>
   <datafield ind1=" " ind2=" " tag="926">
      <subfield code="a">PER v. 16 no. 1 February 1997</subfield>
      <subfield code="w">LCPER</subfield>
      <subfield code="c">1</subfield>
      <subfield code="i">1002410593</subfield>
      <subfield code="d">2/27/1997</subfield>
      <subfield code="l">PERIODICAL</subfield>
      <subfield code="m">GR_MAC_CAC</subfield>
      <subfield code="p">$25.00</subfield>
      <subfield code="r">Y</subfield>
      <subfield code="s">Y</subfield>
      <subfield code="t">PERIODICAL</subfield>
      <subfield code="u">2/26/1997</subfield>
   </datafield>
   <datafield ind1=" " ind2=" " tag="926">
      <subfield code="a">PER v. 16 no. 2 May 1997</subfield>
      <subfield code="w">LCPER</subfield>
      <subfield code="c">1</subfield>
      <subfield code="i">1002469235</subfield>
      <subfield code="d">3/29/1999</subfield>
      <subfield code="e">3/21/1999</subfield>
      <subfield code="l">PERIODICAL</subfield>
      <subfield code="m">GR_MAC_CAC</subfield>
      <subfield code="n">1</subfield>
      <subfield code="p">$25.00</subfield>
      <subfield code="r">Y</subfield>
      <subfield code="s">Y</subfield>
      <subfield code="t">PERIODICAL</subfield>
      <subfield code="u">5/29/1997</subfield>
   </datafield>
   <datafield ind1=" " ind2=" " tag="926">
      <subfield code="a">PER v. 16 no. 4 November 1997</subfield>
      <subfield code="w">LCPER</subfield>
      <subfield code="c">1</subfield>
      <subfield code="i">1002197307</subfield>
      <subfield code="d">12/16/1997</subfield>
      <subfield code="l">PERIODICAL</subfield>
      <subfield code="m">GR_MAC_CAC</subfield>
      <subfield code="p">$25.00</subfield>
      <subfield code="r">Y</subfield>
      <subfield code="s">Y</subfield>
      <subfield code="t">PERIODICAL</subfield>
      <subfield code="u">12/16/1997</subfield>
   </datafield>
   <datafield ind1=" " ind2=" " tag="926">
      <subfield code="a">PER v. 17 no. 2 May 1998</subfield>
      <subfield code="w">LCPER</subfield>
      <subfield code="c">1</subfield>
      <subfield code="i">1002588232</subfield>
      <subfield code="d">3/15/2004</subfield>
      <subfield code="e">3/3/2004</subfield>
      <subfield code="l">PERIODICAL</subfield>
      <subfield code="m">GR_MAC_CAC</subfield>
      <subfield code="n">8</subfield>
      <subfield code="p">$25.00</subfield>
      <subfield code="r">Y</subfield>
      <subfield code="s">Y</subfield>
      <subfield code="t">PERIODICAL</subfield>
      <subfield code="u">5/26/1998</subfield>
   </datafield>
   <datafield ind1=" " ind2=" " tag="926">
      <subfield code="a">PER v. 17 no. 4 October 1998</subfield>
      <subfield code="w">LCPER</subfield>
      <subfield code="c">1</subfield>
      <subfield code="i">1002702916</subfield>
      <subfield code="d">3/29/1999</subfield>
      <subfield code="e">3/12/1999</subfield>
      <subfield code="l">PERIODICAL</subfield>
      <subfield code="m">GR_MAC_CAC</subfield>
      <subfield code="n">1</subfield>
      <subfield code="r">Y</subfield>
      <subfield code="s">Y</subfield>
      <subfield code="t">PERIODICAL</subfield>
      <subfield code="u">11/12/1998</subfield>
   </datafield>
   <datafield ind1=" " ind2=" " tag="926">
      <subfield code="a">PER v. 18 no. 2 May 1999</subfield>
      <subfield code="w">LCPER</subfield>
      <subfield code="c">1</subfield>
      <subfield code="i">1002892998</subfield>
      <subfield code="d">10/4/1999</subfield>
      <subfield code="e">9/14/1999</subfield>
      <subfield code="l">PERIODICAL</subfield>
      <subfield code="m">GR_MAC_CAC</subfield>
      <subfield code="n">1</subfield>
      <subfield code="r">Y</subfield>
      <subfield code="s">Y</subfield>
      <subfield code="t">PERIODICAL</subfield>
      <subfield code="u">5/18/1999</subfield>
   </datafield>
   <datafield ind1=" " ind2=" " tag="926">
      <subfield code="a">PER v. 18 no. 4 November 1999</subfield>
      <subfield code="w">LCPER</subfield>
      <subfield code="c">1</subfield>
      <subfield code="i">1002836615</subfield>
      <subfield code="d">5/2/2000</subfield>
      <subfield code="e">4/26/2000</subfield>
      <subfield code="l">PERIODICAL</subfield>
      <subfield code="m">GR_MAC_CAC</subfield>
      <subfield code="n">2</subfield>
      <subfield code="r">Y</subfield>
      <subfield code="s">Y</subfield>
      <subfield code="t">PERIODICAL</subfield>
      <subfield code="u">12/1/1999</subfield>
   </datafield>
   <datafield ind1=" " ind2=" " tag="926">
      <subfield code="a">PER v. 17 no. 1 February 1998</subfield>
      <subfield code="w">LCPER</subfield>
      <subfield code="c">1</subfield>
      <subfield code="i">1002571022</subfield>
      <subfield code="d">3/9/1998</subfield>
      <subfield code="l">PERIODICAL</subfield>
      <subfield code="m">GR_MAC_CAC</subfield>
      <subfield code="p">$25.00</subfield>
      <subfield code="r">Y</subfield>
      <subfield code="s">Y</subfield>
      <subfield code="t">PERIODICAL</subfield>
      <subfield code="u">3/5/1998</subfield>
   </datafield>
   <datafield ind1=" " ind2=" " tag="926">
      <subfield code="a">PER v. 17 no. 3 August 1998</subfield>
      <subfield code="w">LCPER</subfield>
      <subfield code="c">1</subfield>
      <subfield code="i">1002681516</subfield>
      <subfield code="d">2/14/1999</subfield>
      <subfield code="e">1/31/1999</subfield>
      <subfield code="l">PERIODICAL</subfield>
      <subfield code="m">GR_MAC_CAC</subfield>
      <subfield code="n">1</subfield>
      <subfield code="r">Y</subfield>
      <subfield code="s">Y</subfield>
      <subfield code="t">PERIODICAL</subfield>
      <subfield code="u">8/11/1998</subfield>
   </datafield>
   <datafield ind1=" " ind2=" " tag="926">
      <subfield code="a">PER v. 18 no. 1 January 1999</subfield>
      <subfield code="w">LCPER</subfield>
      <subfield code="c">1</subfield>
      <subfield code="i">1002513628</subfield>
      <subfield code="d">10/6/1999</subfield>
      <subfield code="e">9/14/1999</subfield>
      <subfield code="l">PERIODICAL</subfield>
      <subfield code="m">GR_MAC_CAC</subfield>
      <subfield code="n">1</subfield>
      <subfield code="r">Y</subfield>
      <subfield code="s">Y</subfield>
      <subfield code="t">PERIODICAL</subfield>
      <subfield code="u">2/12/1999</subfield>
   </datafield>
   <datafield ind1=" " ind2=" " tag="926">
      <subfield code="a">PER v. 18 no. 3 1999</subfield>
      <subfield code="w">LCPER</subfield>
      <subfield code="c">1</subfield>
      <subfield code="i">1002775904</subfield>
      <subfield code="d">8/23/1999</subfield>
      <subfield code="l">PERIODICAL</subfield>
      <subfield code="m">GR_MAC_CAC</subfield>
      <subfield code="r">Y</subfield>
      <subfield code="s">Y</subfield>
      <subfield code="t">PERIODICAL</subfield>
      <subfield code="u">8/18/1999</subfield>
   </datafield>
   <datafield ind1=" " ind2=" " tag="926">
      <subfield code="a">PER v. 19 no. 1 2000</subfield>
      <subfield code="w">LCPER</subfield>
      <subfield code="c">1</subfield>
      <subfield code="i">1002959961</subfield>
      <subfield code="d">11/30/2000</subfield>
      <subfield code="e">11/23/2000</subfield>
      <subfield code="l">PERIODICAL</subfield>
      <subfield code="m">GR_MAC_CAC</subfield>
      <subfield code="n">2</subfield>
      <subfield code="r">Y</subfield>
      <subfield code="s">Y</subfield>
      <subfield code="t">PERIODICAL</subfield>
      <subfield code="u">2/24/2000</subfield>
   </datafield>
   <datafield ind1=" " ind2=" " tag="926">
      <subfield code="a">PER v. 19 no. 3 August 2000</subfield>
      <subfield code="w">LCPER</subfield>
      <subfield code="c">1</subfield>
      <subfield code="i">1002944286</subfield>
      <subfield code="d">1/4/2001</subfield>
      <subfield code="e">12/21/2000</subfield>
      <subfield code="l">PERIODICAL</subfield>
      <subfield code="m">GR_MAC_CAC</subfield>
      <subfield code="n">2</subfield>
      <subfield code="r">Y</subfield>
      <subfield code="s">Y</subfield>
      <subfield code="t">PERIODICAL</subfield>
      <subfield code="u">8/23/2000</subfield>
   </datafield>
   <datafield ind1=" " ind2=" " tag="926">
      <subfield code="a">PER v. 20 no. 1 February 2001</subfield>
      <subfield code="w">LCPER</subfield>
      <subfield code="c">1</subfield>
      <subfield code="i">1002984456</subfield>
      <subfield code="d">2/27/2001</subfield>
      <subfield code="l">PERIODICAL</subfield>
      <subfield code="m">GR_MAC_CAC</subfield>
      <subfield code="r">Y</subfield>
      <subfield code="s">Y</subfield>
      <subfield code="t">PERIODICAL</subfield>
      <subfield code="u">2/23/2001</subfield>
   </datafield>
   <datafield ind1=" " ind2=" " tag="926">
      <subfield code="a">PER v. 19 no. 2 2000</subfield>
      <subfield code="w">LCPER</subfield>
      <subfield code="c">1</subfield>
      <subfield code="i">1002755963</subfield>
      <subfield code="d">11/30/2000</subfield>
      <subfield code="e">11/23/2000</subfield>
      <subfield code="l">PERIODICAL</subfield>
      <subfield code="m">GR_MAC_CAC</subfield>
      <subfield code="n">2</subfield>
      <subfield code="r">Y</subfield>
      <subfield code="s">Y</subfield>
      <subfield code="t">PERIODICAL</subfield>
      <subfield code="u">5/25/2000</subfield>
   </datafield>
   <datafield ind1=" " ind2=" " tag="926">
      <subfield code="a">PER v. 19 no. 4 November 2000</subfield>
      <subfield code="w">LCPER</subfield>
      <subfield code="c">1</subfield>
      <subfield code="i">1003040142</subfield>
      <subfield code="d">11/27/2000</subfield>
      <subfield code="l">PERIODICAL</subfield>
      <subfield code="m">GR_MAC_CAC</subfield>
      <subfield code="r">Y</subfield>
      <subfield code="s">Y</subfield>
      <subfield code="t">PERIODICAL</subfield>
      <subfield code="u">11/22/2000</subfield>
   </datafield>
   <datafield ind1=" " ind2=" " tag="926">
      <subfield code="a">PER v. 20 no. 2 issue 78 May 2001</subfield>
      <subfield code="w">LCPER</subfield>
      <subfield code="c">1</subfield>
      <subfield code="i">1003100482</subfield>
      <subfield code="d">10/16/2001</subfield>
      <subfield code="e">10/4/2001</subfield>
      <subfield code="l">PERIODICAL</subfield>
      <subfield code="m">GR_MAC_CAC</subfield>
      <subfield code="n">1</subfield>
      <subfield code="r">Y</subfield>
      <subfield code="s">Y</subfield>
      <subfield code="t">PERIODICAL</subfield>
      <subfield code="u">5/30/2001</subfield>
   </datafield>
   <datafield ind1=" " ind2=" " tag="926">
      <subfield code="a">PER v. 20 no. 4 issue 80 November 2001</subfield>
      <subfield code="w">LCPER</subfield>
      <subfield code="c">1</subfield>
      <subfield code="i">1003158605</subfield>
      <subfield code="d">12/11/2001</subfield>
      <subfield code="l">PERIODICAL</subfield>
      <subfield code="m">GR_MAC_CAC</subfield>
      <subfield code="q">1</subfield>
      <subfield code="r">Y</subfield>
      <subfield code="s">Y</subfield>
      <subfield code="t">PERIODICAL</subfield>
      <subfield code="u">12/3/2001</subfield>
   </datafield>
   <datafield ind1=" " ind2=" " tag="926">
      <subfield code="a">PER v. 21 no. 2 issue 82 May 2002</subfield>
      <subfield code="w">LCPER</subfield>
      <subfield code="c">1</subfield>
      <subfield code="i">1003564869</subfield>
      <subfield code="d">5/28/2002</subfield>
      <subfield code="l">PERIODICAL</subfield>
      <subfield code="m">GR_MAC_CAC</subfield>
      <subfield code="r">Y</subfield>
      <subfield code="s">Y</subfield>
      <subfield code="t">PERIODICAL</subfield>
      <subfield code="u">5/27/2002</subfield>
   </datafield>
   <datafield ind1=" " ind2=" " tag="926">
      <subfield code="a">PER v. 21 no. 4 issue 84 November 2002</subfield>
      <subfield code="w">LCPER</subfield>
      <subfield code="c">1</subfield>
      <subfield code="i">1003700539</subfield>
      <subfield code="d">12/6/2002</subfield>
      <subfield code="l">PERIODICAL</subfield>
      <subfield code="m">GR_MAC_CAC</subfield>
      <subfield code="r">Y</subfield>
      <subfield code="s">Y</subfield>
      <subfield code="t">PERIODICAL</subfield>
      <subfield code="u">12/3/2002</subfield>
   </datafield>
   <datafield ind1=" " ind2=" " tag="926">
      <subfield code="a">PER v. 20 no. 3 issue 79 August 2001</subfield>
      <subfield code="w">LCPER</subfield>
      <subfield code="c">1</subfield>
      <subfield code="i">1003124250</subfield>
      <subfield code="d">9/18/2001</subfield>
      <subfield code="l">PERIODICAL</subfield>
      <subfield code="m">GR_MAC_CAC</subfield>
      <subfield code="r">Y</subfield>
      <subfield code="s">Y</subfield>
      <subfield code="t">PERIODICAL</subfield>
      <subfield code="u">9/11/2001</subfield>
   </datafield>
   <datafield ind1=" " ind2=" " tag="926">
      <subfield code="a">PER v. 21 no. 1 issue 81 January 2002</subfield>
      <subfield code="w">LCPER</subfield>
      <subfield code="c">1</subfield>
      <subfield code="i">1003549407</subfield>
      <subfield code="d">3/12/2002</subfield>
      <subfield code="l">PERIODICAL</subfield>
      <subfield code="m">GR_MAC_CAC</subfield>
      <subfield code="r">Y</subfield>
      <subfield code="s">Y</subfield>
      <subfield code="t">PERIODICAL</subfield>
      <subfield code="u">2/28/2002</subfield>
   </datafield>
   <datafield ind1=" " ind2=" " tag="926">
      <subfield code="a">PER v. 21 no. 3 issue 83 August 2002</subfield>
      <subfield code="w">LCPER</subfield>
      <subfield code="c">1</subfield>
      <subfield code="i">1003511258</subfield>
      <subfield code="d">12/3/2002</subfield>
      <subfield code="l">PERIODICAL</subfield>
      <subfield code="m">GR_MAC_CAC</subfield>
      <subfield code="q">1</subfield>
      <subfield code="r">Y</subfield>
      <subfield code="s">Y</subfield>
      <subfield code="t">PERIODICAL</subfield>
      <subfield code="u">9/4/2002</subfield>
   </datafield>
   <datafield ind1=" " ind2=" " tag="926">
      <subfield code="a">PER v. 22 no. 1 issue 85 February 2003</subfield>
      <subfield code="w">LCPER</subfield>
      <subfield code="c">1</subfield>
      <subfield code="i">1003750450</subfield>
      <subfield code="d">11/17/2003</subfield>
      <subfield code="e">11/10/2003</subfield>
      <subfield code="l">PERIODICAL</subfield>
      <subfield code="m">GR_MAC_CAC</subfield>
      <subfield code="n">1</subfield>
      <subfield code="r">Y</subfield>
      <subfield code="s">Y</subfield>
      <subfield code="t">PERIODICAL</subfield>
      <subfield code="u">3/10/2003</subfield>
   </datafield>
   <datafield ind1=" " ind2=" " tag="926">
      <subfield code="a">PER v. 22 no. 3 issue 87 August 2003</subfield>
      <subfield code="w">LCPER</subfield>
      <subfield code="c">1</subfield>
      <subfield code="i">1003906326</subfield>
      <subfield code="d">8/21/2003</subfield>
      <subfield code="l">PERIODICAL</subfield>
      <subfield code="m">GR_MAC_CAC</subfield>
      <subfield code="r">Y</subfield>
      <subfield code="s">Y</subfield>
      <subfield code="t">PERIODICAL</subfield>
      <subfield code="u">8/20/2003</subfield>
   </datafield>
   <datafield ind1=" " ind2=" " tag="926">
      <subfield code="a">PER v. 24 no. 1 issue 93 February 2005</subfield>
      <subfield code="w">LCPER</subfield>
      <subfield code="c">1</subfield>
      <subfield code="i">1004300040</subfield>
      <subfield code="d">9/19/2005</subfield>
      <subfield code="e">9/15/2005</subfield>
      <subfield code="l">PERIODICAL</subfield>
      <subfield code="m">GR_MAC_CAC</subfield>
      <subfield code="n">1</subfield>
      <subfield code="r">Y</subfield>
      <subfield code="s">Y</subfield>
      <subfield code="t">PERIODICAL</subfield>
      <subfield code="u">3/14/2005</subfield>
   </datafield>
   <datafield ind1=" " ind2=" " tag="926">
      <subfield code="a">PER v. 22 no. 2 issue 86 May 2003</subfield>
      <subfield code="w">LCPER</subfield>
      <subfield code="c">1</subfield>
      <subfield code="i">1003846753</subfield>
      <subfield code="d">6/2/2003</subfield>
      <subfield code="l">PERIODICAL</subfield>
      <subfield code="m">GR_MAC_CAC</subfield>
      <subfield code="r">Y</subfield>
      <subfield code="s">Y</subfield>
      <subfield code="t">PERIODICAL</subfield>
      <subfield code="u">5/29/2003</subfield>
   </datafield>
   <datafield ind1=" " ind2=" " tag="926">
      <subfield code="a">PER v. 22 no. 4 issue 88 November 2003</subfield>
      <subfield code="w">LCPER</subfield>
      <subfield code="c">1</subfield>
      <subfield code="i">1004042949</subfield>
      <subfield code="d">5/17/2005</subfield>
      <subfield code="e">4/22/2005</subfield>
      <subfield code="l">PERIODICAL</subfield>
      <subfield code="m">GR_MAC_CAC</subfield>
      <subfield code="n">1</subfield>
      <subfield code="r">Y</subfield>
      <subfield code="s">Y</subfield>
      <subfield code="t">PERIODICAL</subfield>
      <subfield code="u">11/25/2003</subfield>
   </datafield>
   <datafield ind1=" " ind2=" " tag="926">
      <subfield code="a">PER v. 24 no. 2 issue 94 May 2005</subfield>
      <subfield code="w">LCPER</subfield>
      <subfield code="c">1</subfield>
      <subfield code="i">1004199632</subfield>
      <subfield code="d">11/4/2008</subfield>
      <subfield code="e">10/31/2008</subfield>
      <subfield code="l">PERIODICAL</subfield>
      <subfield code="m">GR_MAC_CAC</subfield>
      <subfield code="n">2</subfield>
      <subfield code="r">Y</subfield>
      <subfield code="s">Y</subfield>
      <subfield code="t">PERIODICAL</subfield>
      <subfield code="u">5/18/2005</subfield>
   </datafield>
   <datafield ind1=" " ind2=" " tag="926">
      <subfield code="a">PER v. 26 no. 1 issue 101 March 2007</subfield>
      <subfield code="w">LCPER</subfield>
      <subfield code="c">1</subfield>
      <subfield code="i">1004911929</subfield>
      <subfield code="d">3/22/2007</subfield>
      <subfield code="l">PERIODICAL</subfield>
      <subfield code="m">GR_MAC_CAC</subfield>
      <subfield code="r">Y</subfield>
      <subfield code="s">Y</subfield>
      <subfield code="t">PERIODICAL</subfield>
      <subfield code="u">3/21/2007</subfield>
   </datafield>
   <datafield ind1=" " ind2=" " tag="926">
      <subfield code="a">PER v. 24 no. 3 issue 95 August 2005</subfield>
      <subfield code="w">LCPER</subfield>
      <subfield code="c">1</subfield>
      <subfield code="i">1004417356</subfield>
      <subfield code="d">8/23/2005</subfield>
      <subfield code="l">PERIODICAL</subfield>
      <subfield code="m">GR_MAC_CAC</subfield>
      <subfield code="r">Y</subfield>
      <subfield code="s">Y</subfield>
      <subfield code="t">PERIODICAL</subfield>
      <subfield code="u">8/16/2005</subfield>
   </datafield>
   <datafield ind1=" " ind2=" " tag="926">
      <subfield code="a">PER v. 24 no. 4 issue 96 November 2005</subfield>
      <subfield code="w">LCPER</subfield>
      <subfield code="c">1</subfield>
      <subfield code="i">1004492896</subfield>
      <subfield code="d">11/30/2006</subfield>
      <subfield code="e">11/23/2006</subfield>
      <subfield code="l">PERIODICAL</subfield>
      <subfield code="m">GR_MAC_CAC</subfield>
      <subfield code="n">1</subfield>
      <subfield code="q">2</subfield>
      <subfield code="r">Y</subfield>
      <subfield code="s">Y</subfield>
      <subfield code="t">PERIODICAL</subfield>
      <subfield code="u">1/30/2006</subfield>
   </datafield>
   <datafield ind1=" " ind2=" " tag="926">
      <subfield code="a">PER v. 25 no. 1 issue 97 March 2006</subfield>
      <subfield code="w">LCPER</subfield>
      <subfield code="c">1</subfield>
      <subfield code="i">1004571202</subfield>
      <subfield code="d">11/30/2006</subfield>
      <subfield code="e">11/23/2006</subfield>
      <subfield code="l">PERIODICAL</subfield>
      <subfield code="m">GR_MAC_CAC</subfield>
      <subfield code="n">2</subfield>
      <subfield code="r">Y</subfield>
      <subfield code="s">Y</subfield>
      <subfield code="t">PERIODICAL</subfield>
      <subfield code="u">3/30/2006</subfield>
   </datafield>
   <datafield ind1=" " ind2=" " tag="926">
      <subfield code="a">PER v. 25 no. 2 issue 98 June 2006</subfield>
      <subfield code="w">LCPER</subfield>
      <subfield code="c">1</subfield>
      <subfield code="i">1004606354</subfield>
      <subfield code="d">6/15/2006</subfield>
      <subfield code="l">PERIODICAL</subfield>
      <subfield code="m">GR_MAC_CAC</subfield>
      <subfield code="r">Y</subfield>
      <subfield code="s">Y</subfield>
      <subfield code="t">PERIODICAL</subfield>
      <subfield code="u">6/13/2006</subfield>
   </datafield>
   <datafield ind1=" " ind2=" " tag="926">
      <subfield code="a">PER v. 25 no. 3 issue 99 August 2006</subfield>
      <subfield code="w">LCPER</subfield>
      <subfield code="c">1</subfield>
      <subfield code="i">1004737423</subfield>
      <subfield code="d">12/19/2006</subfield>
      <subfield code="l">PERIODICAL</subfield>
      <subfield code="m">GR_MAC_CAC</subfield>
      <subfield code="r">Y</subfield>
      <subfield code="s">Y</subfield>
      <subfield code="t">PERIODICAL</subfield>
      <subfield code="u">9/5/2006</subfield>
   </datafield>
   <datafield ind1=" " ind2=" " tag="926">
      <subfield code="a">PER v. 25 no. 4 issue 100 November 2006</subfield>
      <subfield code="w">LCPER</subfield>
      <subfield code="c">1</subfield>
      <subfield code="i">1003626106</subfield>
      <subfield code="d">12/20/2006</subfield>
      <subfield code="l">PERIODICAL</subfield>
      <subfield code="m">GR_MAC_CAC</subfield>
      <subfield code="r">Y</subfield>
      <subfield code="s">Y</subfield>
      <subfield code="t">PERIODICAL</subfield>
      <subfield code="u">12/19/2006</subfield>
   </datafield>
   <datafield ind1=" " ind2=" " tag="926">
      <subfield code="a">PER v. 26 no. 2 issue 102 May 2007</subfield>
      <subfield code="w">LCPER</subfield>
      <subfield code="c">1</subfield>
      <subfield code="i">1005195175</subfield>
      <subfield code="d">6/6/2007</subfield>
      <subfield code="l">PERIODICAL</subfield>
      <subfield code="m">GR_MAC_CAC</subfield>
      <subfield code="r">Y</subfield>
      <subfield code="s">Y</subfield>
      <subfield code="t">PERIODICAL</subfield>
      <subfield code="u">6/5/2007</subfield>
   </datafield>
   <datafield ind1=" " ind2=" " tag="926">
      <subfield code="a">PER v. 26 no. 3 issue 103 August 2007</subfield>
      <subfield code="w">LCPER</subfield>
      <subfield code="c">1</subfield>
      <subfield code="i">1005036551</subfield>
      <subfield code="d">1/2/2008</subfield>
      <subfield code="e">10/3/2007</subfield>
      <subfield code="l">PERIODICAL</subfield>
      <subfield code="m">GR_MAC_CAC</subfield>
      <subfield code="n">1</subfield>
      <subfield code="q">2</subfield>
      <subfield code="r">Y</subfield>
      <subfield code="s">Y</subfield>
      <subfield code="t">PERIODICAL</subfield>
      <subfield code="u">9/7/2007</subfield>
   </datafield>
   <datafield ind1=" " ind2=" " tag="926">
      <subfield code="a">PER v. 26 no. 4 issue 104 November 2007</subfield>
      <subfield code="w">LCPER</subfield>
      <subfield code="c">1</subfield>
      <subfield code="i">1005273659</subfield>
      <subfield code="d">4/3/2008</subfield>
      <subfield code="e">3/25/2008</subfield>
      <subfield code="l">PERIODICAL</subfield>
      <subfield code="m">GR_MAC_CAC</subfield>
      <subfield code="n">1</subfield>
      <subfield code="r">Y</subfield>
      <subfield code="s">Y</subfield>
      <subfield code="t">PERIODICAL</subfield>
      <subfield code="u">1/2/2008</subfield>
   </datafield>
   <datafield ind1=" " ind2=" " tag="926">
      <subfield code="a">PER v. 29 no. 3 issue 115 September-Nove</subfield>
      <subfield code="w">LCPER</subfield>
      <subfield code="c">1</subfield>
      <subfield code="i">1006718058</subfield>
      <subfield code="d">11/2/2010</subfield>
      <subfield code="e">10/25/2010</subfield>
      <subfield code="l">PERIODICAL</subfield>
      <subfield code="m">GR_MAC_CAC</subfield>
      <subfield code="n">1</subfield>
      <subfield code="q">2</subfield>
      <subfield code="r">Y</subfield>
      <subfield code="s">Y</subfield>
      <subfield code="t">PERIODICAL</subfield>
      <subfield code="u">9/15/2010</subfield>
   </datafield>
   <datafield ind1=" " ind2=" " tag="926">
      <subfield code="a">PER v. 27 no. 3 issue 107 August 2008</subfield>
      <subfield code="w">LCPER</subfield>
      <subfield code="c">1</subfield>
      <subfield code="i">1006110132</subfield>
      <subfield code="d">10/21/2008</subfield>
      <subfield code="e">10/20/2008</subfield>
      <subfield code="l">PERIODICAL</subfield>
      <subfield code="m">GR_MAC_CAC</subfield>
      <subfield code="n">1</subfield>
      <subfield code="r">Y</subfield>
      <subfield code="s">Y</subfield>
      <subfield code="t">PERIODICAL</subfield>
      <subfield code="u">9/9/2008</subfield>
   </datafield>
   <datafield ind1=" " ind2=" " tag="926">
      <subfield code="a">PER v. 27 no. 2 issue 106 May 2008</subfield>
      <subfield code="w">LCPER</subfield>
      <subfield code="c">1</subfield>
      <subfield code="i">1005389380</subfield>
      <subfield code="d">6/12/2008</subfield>
      <subfield code="l">PERIODICAL</subfield>
      <subfield code="m">GR_MAC_CAC</subfield>
      <subfield code="r">Y</subfield>
      <subfield code="s">Y</subfield>
      <subfield code="t">PERIODICAL</subfield>
      <subfield code="u">6/11/2008</subfield>
   </datafield>
   <datafield ind1=" " ind2=" " tag="926">
      <subfield code="a">PER v. 27 no. 4 issue 108 November 2008</subfield>
      <subfield code="w">LCPER</subfield>
      <subfield code="c">1</subfield>
      <subfield code="i">1006142499</subfield>
      <subfield code="d">12/17/2008</subfield>
      <subfield code="l">PERIODICAL</subfield>
      <subfield code="m">GR_MAC_CAC</subfield>
      <subfield code="q">2</subfield>
      <subfield code="r">Y</subfield>
      <subfield code="s">Y</subfield>
      <subfield code="t">PERIODICAL</subfield>
      <subfield code="u">12/16/2008</subfield>
   </datafield>
   <datafield ind1=" " ind2=" " tag="926">
      <subfield code="a">PER v. 28 no. 1 issue 109 February 2009</subfield>
      <subfield code="w">LCPER</subfield>
      <subfield code="c">1</subfield>
      <subfield code="i">1006252108</subfield>
      <subfield code="d">3/20/2009</subfield>
      <subfield code="l">PERIODICAL</subfield>
      <subfield code="m">GR_MAC_CAC</subfield>
      <subfield code="q">2</subfield>
      <subfield code="r">Y</subfield>
      <subfield code="s">Y</subfield>
      <subfield code="t">PERIODICAL</subfield>
      <subfield code="u">3/19/2009</subfield>
   </datafield>
   <datafield ind1=" " ind2=" " tag="926">
      <subfield code="a">PER v. 28 no. 2 issue 110 May 2009</subfield>
      <subfield code="w">LCPER</subfield>
      <subfield code="c">1</subfield>
      <subfield code="i">1006295719</subfield>
      <subfield code="d">10/23/2009</subfield>
      <subfield code="e">10/13/2009</subfield>
      <subfield code="l">PERIODICAL</subfield>
      <subfield code="m">GR_MAC_CAC</subfield>
      <subfield code="n">1</subfield>
      <subfield code="q">1</subfield>
      <subfield code="r">Y</subfield>
      <subfield code="s">Y</subfield>
      <subfield code="t">PERIODICAL</subfield>
      <subfield code="u">6/5/2009</subfield>
   </datafield>
   <datafield ind1=" " ind2=" " tag="926">
      <subfield code="a">PER v. 28 no. 3 issue 111 August 2009</subfield>
      <subfield code="w">LCPER</subfield>
      <subfield code="c">1</subfield>
      <subfield code="i">1006264202</subfield>
      <subfield code="d">10/13/2009</subfield>
      <subfield code="e">10/6/2009</subfield>
      <subfield code="l">PERIODICAL</subfield>
      <subfield code="m">GR_MAC_CAC</subfield>
      <subfield code="n">2</subfield>
      <subfield code="r">Y</subfield>
      <subfield code="s">Y</subfield>
      <subfield code="t">PERIODICAL</subfield>
      <subfield code="u">9/2/2009</subfield>
   </datafield>
   <datafield ind1=" " ind2=" " tag="926">
      <subfield code="a">PER v. 29 no. 2 issue 114 May 2010</subfield>
      <subfield code="w">LCPER</subfield>
      <subfield code="c">1</subfield>
      <subfield code="i">1006491524</subfield>
      <subfield code="d">6/10/2010</subfield>
      <subfield code="l">PERIODICAL</subfield>
      <subfield code="m">GR_MAC_CAC</subfield>
      <subfield code="r">Y</subfield>
      <subfield code="s">Y</subfield>
      <subfield code="t">PERIODICAL</subfield>
      <subfield code="u">6/4/2010</subfield>
   </datafield>
   <datafield ind1=" " ind2=" " tag="926">
      <subfield code="a">PER v. 28 no. 4 issue 112 December 2009</subfield>
      <subfield code="w">LCPER</subfield>
      <subfield code="c">1</subfield>
      <subfield code="i">1006324600</subfield>
      <subfield code="d">3/30/2010</subfield>
      <subfield code="e">3/19/2010</subfield>
      <subfield code="l">PERIODICAL</subfield>
      <subfield code="m">GR_MAC_CAC</subfield>
      <subfield code="n">1</subfield>
      <subfield code="r">Y</subfield>
      <subfield code="s">Y</subfield>
      <subfield code="t">PERIODICAL</subfield>
      <subfield code="u">12/22/2009</subfield>
   </datafield>
   <datafield ind1=" " ind2=" " tag="926">
      <subfield code="a">PER v. 29 no. 1 issue 113 February 2010</subfield>
      <subfield code="w">LCPER</subfield>
      <subfield code="c">1</subfield>
      <subfield code="i">1006469165</subfield>
      <subfield code="d">11/2/2010</subfield>
      <subfield code="e">10/25/2010</subfield>
      <subfield code="l">PERIODICAL</subfield>
      <subfield code="m">GR_MAC_CAC</subfield>
      <subfield code="n">2</subfield>
      <subfield code="r">Y</subfield>
      <subfield code="s">Y</subfield>
      <subfield code="t">PERIODICAL</subfield>
      <subfield code="u">3/17/2010</subfield>
   </datafield>
   <datafield ind1=" " ind2=" " tag="926">
      <subfield code="a">PER v 29 no. 4 issue 116 December 2010-J</subfield>
      <subfield code="w">LCPER</subfield>
      <subfield code="c">1</subfield>
      <subfield code="i">1006566481</subfield>
      <subfield code="d">4/2/2011</subfield>
      <subfield code="e">3/31/2011</subfield>
      <subfield code="l">PERIODICAL</subfield>
      <subfield code="m">GR_MAC_CAC</subfield>
      <subfield code="n">3</subfield>
      <subfield code="q">1</subfield>
      <subfield code="r">Y</subfield>
      <subfield code="s">Y</subfield>
      <subfield code="t">PERIODICAL</subfield>
      <subfield code="u">1/4/2011</subfield>
   </datafield>
   <datafield ind1=" " ind2=" " tag="926">
      <subfield code="a">PER v. 30 no. 2 issue 118 June-August 20</subfield>
      <subfield code="w">LCPER</subfield>
      <subfield code="c">1</subfield>
      <subfield code="i">1006927428</subfield>
      <subfield code="d">6/7/2011</subfield>
      <subfield code="l">PERIODICAL</subfield>
      <subfield code="m">GR_MAC_CAC</subfield>
      <subfield code="r">Y</subfield>
      <subfield code="s">Y</subfield>
      <subfield code="t">PERIODICAL</subfield>
      <subfield code="u">6/3/2011</subfield>
   </datafield>
   <datafield ind1=" " ind2=" " tag="926">
      <subfield code="a">PER v. 30 no. 1 issue 117 March-May 2011</subfield>
      <subfield code="w">LCPER</subfield>
      <subfield code="c">1</subfield>
      <subfield code="i">1006342313</subfield>
      <subfield code="d">4/1/2011</subfield>
      <subfield code="l">PERIODICAL</subfield>
      <subfield code="m">GR_MAC_CAC</subfield>
      <subfield code="q">1</subfield>
      <subfield code="r">Y</subfield>
      <subfield code="s">Y</subfield>
      <subfield code="t">PERIODICAL</subfield>
      <subfield code="u">3/25/2011</subfield>
   </datafield>
   <datafield ind1=" " ind2=" " tag="926">
      <subfield code="a">PER v. 30 no. 3 issue 119 Sept-Nov. 2011</subfield>
      <subfield code="w">LCPER</subfield>
      <subfield code="c">1</subfield>
      <subfield code="i">1006937047</subfield>
      <subfield code="d">11/21/2011</subfield>
      <subfield code="e">10/19/2011</subfield>
      <subfield code="l">PERIODICAL</subfield>
      <subfield code="m">GR_MAC_CAC</subfield>
      <subfield code="n">1</subfield>
      <subfield code="q">3</subfield>
      <subfield code="r">Y</subfield>
      <subfield code="s">Y</subfield>
      <subfield code="t">PERIODICAL</subfield>
      <subfield code="u">9/20/2011</subfield>
   </datafield>
   <datafield ind1=" " ind2=" " tag="926">
      <subfield code="a">PER v. 30 no. 4 issue 120 2011</subfield>
      <subfield code="w">LCPER</subfield>
      <subfield code="c">1</subfield>
      <subfield code="i">1006951071</subfield>
      <subfield code="d">2/1/2012</subfield>
      <subfield code="e">2/1/2012</subfield>
      <subfield code="l">PERIODICAL</subfield>
      <subfield code="m">GR_MAC_CAC</subfield>
      <subfield code="n">2</subfield>
      <subfield code="r">Y</subfield>
      <subfield code="s">Y</subfield>
      <subfield code="t">PERIODICAL</subfield>
      <subfield code="u">12/22/2011</subfield>
   </datafield>
   <datafield ind1=" " ind2=" " tag="926">
      <subfield code="a">PER v. 31 no. 1 issue 121 2012</subfield>
      <subfield code="w">LCPER</subfield>
      <subfield code="c">1</subfield>
      <subfield code="i">1007152893</subfield>
      <subfield code="d">3/29/2012</subfield>
      <subfield code="l">PERIODICAL</subfield>
      <subfield code="m">GR_MAC_CAC</subfield>
      <subfield code="q">1</subfield>
      <subfield code="r">Y</subfield>
      <subfield code="s">Y</subfield>
      <subfield code="t">PERIODICAL</subfield>
      <subfield code="u">3/14/2012</subfield>
   </datafield>
   <datafield ind1=" " ind2=" " tag="926">
      <subfield code="a">PER v. 31 no. 2 issue 122 June-Aug. 2012</subfield>
      <subfield code="w">LCPER</subfield>
      <subfield code="c">1</subfield>
      <subfield code="i">1007339201</subfield>
      <subfield code="l">PERIODICAL</subfield>
      <subfield code="m">GR_MAC_CAC</subfield>
      <subfield code="r">Y</subfield>
      <subfield code="s">Y</subfield>
      <subfield code="t">PERIODICAL</subfield>
      <subfield code="u">6/4/2012</subfield>
   </datafield>
   <datafield ind1=" " ind2=" " tag="926">
      <subfield code="a">NX 1 A7952 v.16: no.1 1997</subfield>
      <subfield code="w">LCPER</subfield>
      <subfield code="c">1</subfield>
      <subfield code="i">0162030798894</subfield>
      <subfield code="l">ON_SHELF</subfield>
      <subfield code="m">UABARD</subfield>
      <subfield code="r">Y</subfield>
      <subfield code="s">Y</subfield>
      <subfield code="t">PERIODICAL</subfield>
      <subfield code="u">6/20/2012</subfield>
      <subfield code="o">.STAFF. B0052380</subfield>
   </datafield>
   <datafield ind1=" " ind2=" " tag="926">
      <subfield code="a">NX 1 A7952 v.28: no.2 2009</subfield>
      <subfield code="w">LCPER</subfield>
      <subfield code="c">1</subfield>
      <subfield code="i">0162030798837</subfield>
      <subfield code="l">ON_SHELF</subfield>
      <subfield code="m">UABARD</subfield>
      <subfield code="r">Y</subfield>
      <subfield code="s">Y</subfield>
      <subfield code="t">PERIODICAL</subfield>
      <subfield code="u">6/20/2012</subfield>
      <subfield code="o">.STAFF. B0052379</subfield>
   </datafield>
   <datafield ind1=" " ind2=" " tag="926">
      <subfield code="a">NX 1 A7952 v.28: no.1 2009</subfield>
      <subfield code="w">LCPER</subfield>
      <subfield code="c">1</subfield>
      <subfield code="i">0162030798779</subfield>
      <subfield code="l">ON_SHELF</subfield>
      <subfield code="m">UABARD</subfield>
      <subfield code="r">Y</subfield>
      <subfield code="s">Y</subfield>
      <subfield code="t">PERIODICAL</subfield>
      <subfield code="u">6/20/2012</subfield>
      <subfield code="o">.STAFF. B0052379</subfield>
   </datafield>
   <datafield ind1=" " ind2=" " tag="926">
      <subfield code="a">NX 1 A7952 v.19: no.1 2000</subfield>
      <subfield code="w">LCPER</subfield>
      <subfield code="c">1</subfield>
      <subfield code="i">0162030798712</subfield>
      <subfield code="l">ON_SHELF</subfield>
      <subfield code="m">UABARD</subfield>
      <subfield code="r">Y</subfield>
      <subfield code="s">Y</subfield>
      <subfield code="t">PERIODICAL</subfield>
      <subfield code="u">6/20/2012</subfield>
      <subfield code="o">.STAFF. B0052380</subfield>
   </datafield>
   <datafield ind1=" " ind2=" " tag="926">
      <subfield code="a">NX 1 A7952 v.16: no.3 1997</subfield>
      <subfield code="w">LCPER</subfield>
      <subfield code="c">1</subfield>
      <subfield code="i">0162030798654</subfield>
      <subfield code="l">ON_SHELF</subfield>
      <subfield code="m">UABARD</subfield>
      <subfield code="r">Y</subfield>
      <subfield code="s">Y</subfield>
      <subfield code="t">PERIODICAL</subfield>
      <subfield code="u">6/20/2012</subfield>
      <subfield code="o">.STAFF. B0052380</subfield>
   </datafield>
   <datafield ind1=" " ind2=" " tag="926">
      <subfield code="a">NX 1 A7952 v.17: no.4 1998</subfield>
      <subfield code="w">LCPER</subfield>
      <subfield code="c">1</subfield>
      <subfield code="i">0162030798597</subfield>
      <subfield code="l">ON_SHELF</subfield>
      <subfield code="m">UABARD</subfield>
      <subfield code="r">Y</subfield>
      <subfield code="s">Y</subfield>
      <subfield code="t">PERIODICAL</subfield>
      <subfield code="u">6/20/2012</subfield>
      <subfield code="o">.STAFF. B0052380</subfield>
   </datafield>
   <datafield ind1=" " ind2=" " tag="926">
      <subfield code="a">NX 1 A7952 v.17: no.3 1998</subfield>
      <subfield code="w">LCPER</subfield>
      <subfield code="c">1</subfield>
      <subfield code="i">0162030798530</subfield>
      <subfield code="l">ON_SHELF</subfield>
      <subfield code="m">UABARD</subfield>
      <subfield code="r">Y</subfield>
      <subfield code="s">Y</subfield>
      <subfield code="t">PERIODICAL</subfield>
      <subfield code="u">6/20/2012</subfield>
      <subfield code="o">.STAFF. B0052380</subfield>
   </datafield>
   <datafield ind1=" " ind2=" " tag="926">
      <subfield code="a">NX 1 A7952 v.19: no.4 2000</subfield>
      <subfield code="w">LCPER</subfield>
      <subfield code="c">1</subfield>
      <subfield code="i">0162030798472</subfield>
      <subfield code="l">ON_SHELF</subfield>
      <subfield code="m">UABARD</subfield>
      <subfield code="r">Y</subfield>
      <subfield code="s">Y</subfield>
      <subfield code="t">PERIODICAL</subfield>
      <subfield code="u">6/20/2012</subfield>
      <subfield code="o">.STAFF. B0052380</subfield>
   </datafield>
   <datafield ind1=" " ind2=" " tag="926">
      <subfield code="a">NX 1 A7952 v.25: no.4 2006</subfield>
      <subfield code="w">LCPER</subfield>
      <subfield code="c">1</subfield>
      <subfield code="i">0162030798415</subfield>
      <subfield code="l">ON_SHELF</subfield>
      <subfield code="m">UABARD</subfield>
      <subfield code="r">Y</subfield>
      <subfield code="s">Y</subfield>
      <subfield code="t">PERIODICAL</subfield>
      <subfield code="u">6/20/2012</subfield>
      <subfield code="o">.STAFF. B0052639</subfield>
   </datafield>
   <datafield ind1=" " ind2=" " tag="926">
      <subfield code="a">NX 1 A7952 v.25: no.3 2006</subfield>
      <subfield code="w">LCPER</subfield>
      <subfield code="c">1</subfield>
      <subfield code="i">0162030798357</subfield>
      <subfield code="l">ON_SHELF</subfield>
      <subfield code="m">UABARD</subfield>
      <subfield code="r">Y</subfield>
      <subfield code="s">Y</subfield>
      <subfield code="t">PERIODICAL</subfield>
      <subfield code="u">6/20/2012</subfield>
      <subfield code="o">.STAFF. B0052639</subfield>
   </datafield>
   <datafield ind1=" " ind2=" " tag="926">
      <subfield code="a">NX 1 A7952 v.25: no.2 2006</subfield>
      <subfield code="w">LCPER</subfield>
      <subfield code="c">1</subfield>
      <subfield code="i">0162030798290</subfield>
      <subfield code="l">ON_SHELF</subfield>
      <subfield code="m">UABARD</subfield>
      <subfield code="r">Y</subfield>
      <subfield code="s">Y</subfield>
      <subfield code="t">PERIODICAL</subfield>
      <subfield code="u">6/20/2012</subfield>
      <subfield code="o">.STAFF. B0052639</subfield>
   </datafield>
   <datafield ind1=" " ind2=" " tag="926">
      <subfield code="a">NX 1 A7952 v.23: no.2 2004</subfield>
      <subfield code="w">LCPER</subfield>
      <subfield code="c">1</subfield>
      <subfield code="i">0162030798233</subfield>
      <subfield code="l">ON_SHELF</subfield>
      <subfield code="m">UABARD</subfield>
      <subfield code="r">Y</subfield>
      <subfield code="s">Y</subfield>
      <subfield code="t">PERIODICAL</subfield>
      <subfield code="u">6/20/2012</subfield>
      <subfield code="o">.STAFF. B0052380</subfield>
   </datafield>
   <datafield ind1=" " ind2=" " tag="926">
      <subfield code="a">NX 1 A7952 v.18: no.1 1999</subfield>
      <subfield code="w">LCPER</subfield>
      <subfield code="c">1</subfield>
      <subfield code="i">0162030798241</subfield>
      <subfield code="l">ON_SHELF</subfield>
      <subfield code="m">UABARD</subfield>
      <subfield code="r">Y</subfield>
      <subfield code="s">Y</subfield>
      <subfield code="t">PERIODICAL</subfield>
      <subfield code="u">6/20/2012</subfield>
      <subfield code="o">.STAFF. B0052380</subfield>
   </datafield>
   <datafield ind1=" " ind2=" " tag="926">
      <subfield code="a">NX 1 A7952 v.15: no.4 1996</subfield>
      <subfield code="w">LCPER</subfield>
      <subfield code="c">1</subfield>
      <subfield code="i">0162030798308</subfield>
      <subfield code="l">ON_SHELF</subfield>
      <subfield code="m">UABARD</subfield>
      <subfield code="r">Y</subfield>
      <subfield code="s">Y</subfield>
      <subfield code="t">PERIODICAL</subfield>
      <subfield code="u">6/20/2012</subfield>
      <subfield code="o">.STAFF. B0052380</subfield>
   </datafield>
   <datafield ind1=" " ind2=" " tag="926">
      <subfield code="a">NX 1 A7952 v.14: no.1 1995</subfield>
      <subfield code="w">LCPER</subfield>
      <subfield code="c">1</subfield>
      <subfield code="i">0162030798365</subfield>
      <subfield code="l">ON_SHELF</subfield>
      <subfield code="m">UABARD</subfield>
      <subfield code="r">Y</subfield>
      <subfield code="s">Y</subfield>
      <subfield code="t">PERIODICAL</subfield>
      <subfield code="u">6/20/2012</subfield>
      <subfield code="o">.STAFF. B0052380</subfield>
   </datafield>
   <datafield ind1=" " ind2=" " tag="926">
      <subfield code="a">NX 1 A7952 v.17: no.2 1998</subfield>
      <subfield code="w">LCPER</subfield>
      <subfield code="c">1</subfield>
      <subfield code="i">0162030798902</subfield>
      <subfield code="l">ON_SHELF</subfield>
      <subfield code="m">UABARD</subfield>
      <subfield code="r">Y</subfield>
      <subfield code="s">Y</subfield>
      <subfield code="t">PERIODICAL</subfield>
      <subfield code="u">6/20/2012</subfield>
      <subfield code="o">.STAFF. B0052380</subfield>
   </datafield>
   <datafield ind1=" " ind2=" " tag="926">
      <subfield code="a">NX 1 A7952 v.26: no.1 2007</subfield>
      <subfield code="w">LCPER</subfield>
      <subfield code="c">1</subfield>
      <subfield code="i">0162030798423</subfield>
      <subfield code="l">ON_SHELF</subfield>
      <subfield code="m">UABARD</subfield>
      <subfield code="r">Y</subfield>
      <subfield code="s">Y</subfield>
      <subfield code="t">PERIODICAL</subfield>
      <subfield code="u">6/20/2012</subfield>
      <subfield code="o">.STAFF. B0052639</subfield>
   </datafield>
   <datafield ind1=" " ind2=" " tag="926">
      <subfield code="a">NX 1 A7952 v.20: no.1 2001</subfield>
      <subfield code="w">LCPER</subfield>
      <subfield code="c">1</subfield>
      <subfield code="i">0162030798480</subfield>
      <subfield code="l">ON_SHELF</subfield>
      <subfield code="m">UABARD</subfield>
      <subfield code="r">Y</subfield>
      <subfield code="s">Y</subfield>
      <subfield code="t">PERIODICAL</subfield>
      <subfield code="u">6/20/2012</subfield>
      <subfield code="o">.STAFF. B0052380</subfield>
   </datafield>
   <datafield ind1=" " ind2=" " tag="926">
      <subfield code="a">NX 1 A7952 v.18: no.4 1999</subfield>
      <subfield code="w">LCPER</subfield>
      <subfield code="c">1</subfield>
      <subfield code="i">0162030798548</subfield>
      <subfield code="l">ON_SHELF</subfield>
      <subfield code="m">UABARD</subfield>
      <subfield code="r">Y</subfield>
      <subfield code="s">Y</subfield>
      <subfield code="t">PERIODICAL</subfield>
      <subfield code="u">6/20/2012</subfield>
      <subfield code="o">.STAFF. B0052380</subfield>
   </datafield>
   <datafield ind1=" " ind2=" " tag="926">
      <subfield code="a">NX 1 A7952 v.18: no.2 1999</subfield>
      <subfield code="w">LCPER</subfield>
      <subfield code="c">1</subfield>
      <subfield code="i">0162030798845</subfield>
      <subfield code="l">ON_SHELF</subfield>
      <subfield code="m">UABARD</subfield>
      <subfield code="r">Y</subfield>
      <subfield code="s">Y</subfield>
      <subfield code="t">PERIODICAL</subfield>
      <subfield code="u">6/20/2012</subfield>
      <subfield code="o">.STAFF. B0052380</subfield>
   </datafield>
   <datafield ind1=" " ind2=" " tag="926">
      <subfield code="a">NX 1 A7952 v.21: no.2 2002</subfield>
      <subfield code="w">LCPER</subfield>
      <subfield code="c">1</subfield>
      <subfield code="i">0162030798787</subfield>
      <subfield code="l">ON_SHELF</subfield>
      <subfield code="m">UABARD</subfield>
      <subfield code="r">Y</subfield>
      <subfield code="s">Y</subfield>
      <subfield code="t">PERIODICAL</subfield>
      <subfield code="u">6/20/2012</subfield>
      <subfield code="o">.STAFF. B0052380</subfield>
   </datafield>
   <datafield ind1=" " ind2=" " tag="926">
      <subfield code="a">NX 1 A7952 v.21: no.3 2002</subfield>
      <subfield code="w">LCPER</subfield>
      <subfield code="c">1</subfield>
      <subfield code="i">0162030798720</subfield>
      <subfield code="l">ON_SHELF</subfield>
      <subfield code="m">UABARD</subfield>
      <subfield code="r">Y</subfield>
      <subfield code="s">Y</subfield>
      <subfield code="t">PERIODICAL</subfield>
      <subfield code="u">6/20/2012</subfield>
      <subfield code="o">.STAFF. B0052380</subfield>
   </datafield>
   <datafield ind1=" " ind2=" " tag="926">
      <subfield code="a">NX 1 A7952 v.22: no.1 2003</subfield>
      <subfield code="w">LCPER</subfield>
      <subfield code="c">1</subfield>
      <subfield code="i">0162030798662</subfield>
      <subfield code="l">ON_SHELF</subfield>
      <subfield code="m">UABARD</subfield>
      <subfield code="r">Y</subfield>
      <subfield code="s">Y</subfield>
      <subfield code="t">PERIODICAL</subfield>
      <subfield code="u">6/20/2012</subfield>
      <subfield code="o">.STAFF. B0052379</subfield>
   </datafield>
   <datafield ind1=" " ind2=" " tag="926">
      <subfield code="a">NX 1 A7952 v.21: no.4 2002</subfield>
      <subfield code="w">LCPER</subfield>
      <subfield code="c">1</subfield>
      <subfield code="i">0162030798605</subfield>
      <subfield code="l">ON_SHELF</subfield>
      <subfield code="m">UABARD</subfield>
      <subfield code="r">Y</subfield>
      <subfield code="s">Y</subfield>
      <subfield code="t">PERIODICAL</subfield>
      <subfield code="u">6/20/2012</subfield>
      <subfield code="o">.STAFF. B0052380</subfield>
   </datafield>
   <datafield ind1=" " ind2=" " tag="926">
      <subfield code="a">NX 1 A7952 v.22: no.2 2003</subfield>
      <subfield code="w">LCPER</subfield>
      <subfield code="c">1</subfield>
      <subfield code="i">0162030798910</subfield>
      <subfield code="l">ON_SHELF</subfield>
      <subfield code="m">UABARD</subfield>
      <subfield code="r">Y</subfield>
      <subfield code="s">Y</subfield>
      <subfield code="t">PERIODICAL</subfield>
      <subfield code="u">6/20/2012</subfield>
      <subfield code="o">.STAFF. B0052379</subfield>
   </datafield>
   <datafield ind1=" " ind2=" " tag="926">
      <subfield code="a">NX 1 A7952 v.23: no.1 2004</subfield>
      <subfield code="w">LCPER</subfield>
      <subfield code="c">1</subfield>
      <subfield code="i">0162030798852</subfield>
      <subfield code="l">ON_SHELF</subfield>
      <subfield code="m">UABARD</subfield>
      <subfield code="r">Y</subfield>
      <subfield code="s">Y</subfield>
      <subfield code="t">PERIODICAL</subfield>
      <subfield code="u">6/20/2012</subfield>
      <subfield code="o">.STAFF. B0052380</subfield>
   </datafield>
   <datafield ind1=" " ind2=" " tag="926">
      <subfield code="a">NX 1 A7952 v.20: no.4 2001</subfield>
      <subfield code="w">LCPER</subfield>
      <subfield code="c">1</subfield>
      <subfield code="i">0162030798795</subfield>
      <subfield code="l">ON_SHELF</subfield>
      <subfield code="m">UABARD</subfield>
      <subfield code="r">Y</subfield>
      <subfield code="s">Y</subfield>
      <subfield code="t">PERIODICAL</subfield>
      <subfield code="u">6/20/2012</subfield>
      <subfield code="o">.STAFF. B0052380</subfield>
   </datafield>
   <datafield ind1=" " ind2=" " tag="926">
      <subfield code="a">NX 1 A7952 v.21: no.1 2002</subfield>
      <subfield code="w">LCPER</subfield>
      <subfield code="c">1</subfield>
      <subfield code="i">0162030798738</subfield>
      <subfield code="l">ON_SHELF</subfield>
      <subfield code="m">UABARD</subfield>
      <subfield code="r">Y</subfield>
      <subfield code="s">Y</subfield>
      <subfield code="t">PERIODICAL</subfield>
      <subfield code="u">6/20/2012</subfield>
      <subfield code="o">.STAFF. B0052380</subfield>
   </datafield>
   <datafield ind1=" " ind2=" " tag="926">
      <subfield code="a">NX 1 A7952 v.14: no.3 1995</subfield>
      <subfield code="w">LCPER</subfield>
      <subfield code="c">1</subfield>
      <subfield code="i">0162030798670</subfield>
      <subfield code="l">ON_SHELF</subfield>
      <subfield code="m">UABARD</subfield>
      <subfield code="r">Y</subfield>
      <subfield code="s">Y</subfield>
      <subfield code="t">PERIODICAL</subfield>
      <subfield code="u">6/20/2012</subfield>
      <subfield code="o">.STAFF. B0052380</subfield>
   </datafield>
   <datafield ind1=" " ind2=" " tag="926">
      <subfield code="a">NX 1 A7952 v.27: no.3 2008</subfield>
      <subfield code="w">LCPER</subfield>
      <subfield code="c">1</subfield>
      <subfield code="i">0162030798613</subfield>
      <subfield code="l">ON_SHELF</subfield>
      <subfield code="m">UABARD</subfield>
      <subfield code="r">Y</subfield>
      <subfield code="s">Y</subfield>
      <subfield code="t">PERIODICAL</subfield>
      <subfield code="u">6/20/2012</subfield>
      <subfield code="o">.STAFF. B0052639</subfield>
   </datafield>
   <datafield ind1=" " ind2=" " tag="926">
      <subfield code="a">NX 1 A7952 v.24: no.1 2005</subfield>
      <subfield code="w">LCPER</subfield>
      <subfield code="c">1</subfield>
      <subfield code="i">0162030798555</subfield>
      <subfield code="l">ON_SHELF</subfield>
      <subfield code="m">UABARD</subfield>
      <subfield code="r">Y</subfield>
      <subfield code="s">Y</subfield>
      <subfield code="t">PERIODICAL</subfield>
      <subfield code="u">6/20/2012</subfield>
      <subfield code="o">.STAFF. B0052379</subfield>
   </datafield>
   <datafield ind1=" " ind2=" " tag="926">
      <subfield code="a">NX 1 A7952 v.24: no.2 2005</subfield>
      <subfield code="w">LCPER</subfield>
      <subfield code="c">1</subfield>
      <subfield code="i">0162030798498</subfield>
      <subfield code="l">ON_SHELF</subfield>
      <subfield code="m">UABARD</subfield>
      <subfield code="r">Y</subfield>
      <subfield code="s">Y</subfield>
      <subfield code="t">PERIODICAL</subfield>
      <subfield code="u">6/20/2012</subfield>
      <subfield code="o">.STAFF. B0052379</subfield>
   </datafield>
   <datafield ind1=" " ind2=" " tag="926">
      <subfield code="a">NX 1 A7952 v.24: no.3 2005</subfield>
      <subfield code="w">LCPER</subfield>
      <subfield code="c">1</subfield>
      <subfield code="i">0162030798431</subfield>
      <subfield code="l">ON_SHELF</subfield>
      <subfield code="m">UABARD</subfield>
      <subfield code="r">Y</subfield>
      <subfield code="s">Y</subfield>
      <subfield code="t">PERIODICAL</subfield>
      <subfield code="u">6/20/2012</subfield>
      <subfield code="o">.STAFF. B0052379</subfield>
   </datafield>
   <datafield ind1=" " ind2=" " tag="926">
      <subfield code="a">NX 1 A7952 v.24: no.4 2005</subfield>
      <subfield code="w">LCPER</subfield>
      <subfield code="c">1</subfield>
      <subfield code="i">0162030798373</subfield>
      <subfield code="l">ON_SHELF</subfield>
      <subfield code="m">UABARD</subfield>
      <subfield code="r">Y</subfield>
      <subfield code="s">Y</subfield>
      <subfield code="t">PERIODICAL</subfield>
      <subfield code="u">6/20/2012</subfield>
      <subfield code="o">.STAFF. B0052379</subfield>
   </datafield>
   <datafield ind1=" " ind2=" " tag="926">
      <subfield code="a">NX 1 A7952 v.25: no.1 2006</subfield>
      <subfield code="w">LCPER</subfield>
      <subfield code="c">1</subfield>
      <subfield code="i">0162030798316</subfield>
      <subfield code="l">ON_SHELF</subfield>
      <subfield code="m">UABARD</subfield>
      <subfield code="r">Y</subfield>
      <subfield code="s">Y</subfield>
      <subfield code="t">PERIODICAL</subfield>
      <subfield code="u">6/20/2012</subfield>
      <subfield code="o">.STAFF. B0052639</subfield>
   </datafield>
   <datafield ind1=" " ind2=" " tag="926">
      <subfield code="a">NX 1 A7952 v.26: no.2 2007</subfield>
      <subfield code="w">LCPER</subfield>
      <subfield code="c">1</subfield>
      <subfield code="i">0162030798258</subfield>
      <subfield code="l">ON_SHELF</subfield>
      <subfield code="m">UABARD</subfield>
      <subfield code="r">Y</subfield>
      <subfield code="s">Y</subfield>
      <subfield code="t">PERIODICAL</subfield>
      <subfield code="u">6/20/2012</subfield>
      <subfield code="o">.STAFF. B0052639</subfield>
   </datafield>
   <datafield ind1=" " ind2=" " tag="926">
      <subfield code="a">NX 1 A7952 v.26: no.4 2007</subfield>
      <subfield code="w">LCPER</subfield>
      <subfield code="c">1</subfield>
      <subfield code="i">0162030799587</subfield>
      <subfield code="l">ON_SHELF</subfield>
      <subfield code="m">UABARD</subfield>
      <subfield code="r">Y</subfield>
      <subfield code="s">Y</subfield>
      <subfield code="t">PERIODICAL</subfield>
      <subfield code="u">6/20/2012</subfield>
      <subfield code="o">.STAFF. B0052639</subfield>
   </datafield>
   <datafield ind1=" " ind2=" " tag="926">
      <subfield code="a">NX 1 A7952 v.27: no.1 2008</subfield>
      <subfield code="w">LCPER</subfield>
      <subfield code="c">1</subfield>
      <subfield code="i">0162030799520</subfield>
      <subfield code="l">ON_SHELF</subfield>
      <subfield code="m">UABARD</subfield>
      <subfield code="r">Y</subfield>
      <subfield code="s">Y</subfield>
      <subfield code="t">PERIODICAL</subfield>
      <subfield code="u">6/20/2012</subfield>
      <subfield code="o">.STAFF. B0052639</subfield>
   </datafield>
   <datafield ind1=" " ind2=" " tag="926">
      <subfield code="a">NX 1 A7952 v.26: no.3 2007</subfield>
      <subfield code="w">LCPER</subfield>
      <subfield code="c">1</subfield>
      <subfield code="i">0162030799462</subfield>
      <subfield code="l">ON_SHELF</subfield>
      <subfield code="m">UABARD</subfield>
      <subfield code="r">Y</subfield>
      <subfield code="s">Y</subfield>
      <subfield code="t">PERIODICAL</subfield>
      <subfield code="u">6/20/2012</subfield>
      <subfield code="o">.STAFF. B0052639</subfield>
   </datafield>
   <datafield ind1=" " ind2=" " tag="926">
      <subfield code="a">NX 1 A7952 v.20: no.2 2001</subfield>
      <subfield code="w">LCPER</subfield>
      <subfield code="c">1</subfield>
      <subfield code="i">0162030799405</subfield>
      <subfield code="l">ON_SHELF</subfield>
      <subfield code="m">UABARD</subfield>
      <subfield code="r">Y</subfield>
      <subfield code="s">Y</subfield>
      <subfield code="t">PERIODICAL</subfield>
      <subfield code="u">6/20/2012</subfield>
      <subfield code="o">.STAFF. B0052380</subfield>
   </datafield>
   <datafield ind1=" " ind2=" " tag="926">
      <subfield code="a">NX 1 A7952 v.20: no.3 2001</subfield>
      <subfield code="w">LCPER</subfield>
      <subfield code="c">1</subfield>
      <subfield code="i">0162030799348</subfield>
      <subfield code="l">ON_SHELF</subfield>
      <subfield code="m">UABARD</subfield>
      <subfield code="r">Y</subfield>
      <subfield code="s">Y</subfield>
      <subfield code="t">PERIODICAL</subfield>
      <subfield code="u">6/20/2012</subfield>
      <subfield code="o">.STAFF. B0052380</subfield>
   </datafield>
   <datafield ind1=" " ind2=" " tag="926">
      <subfield code="a">NX 1 A7952 v.27: no.4 2008</subfield>
      <subfield code="w">LCPER</subfield>
      <subfield code="c">1</subfield>
      <subfield code="i">0162030799280</subfield>
      <subfield code="l">ON_SHELF</subfield>
      <subfield code="m">UABARD</subfield>
      <subfield code="r">Y</subfield>
      <subfield code="s">Y</subfield>
      <subfield code="t">PERIODICAL</subfield>
      <subfield code="u">6/20/2012</subfield>
      <subfield code="o">.STAFF. B0052379</subfield>
   </datafield>
   <datafield ind1=" " ind2=" " tag="926">
      <subfield code="a">NX 1 A7952 v.27: no.2 2008</subfield>
      <subfield code="w">LCPER</subfield>
      <subfield code="c">1</subfield>
      <subfield code="i">0162030799223</subfield>
      <subfield code="d">4/1/2015</subfield>
      <subfield code="e">3/30/2015</subfield>
      <subfield code="l">ON_SHELF</subfield>
      <subfield code="m">UABARD</subfield>
      <subfield code="n">1</subfield>
      <subfield code="r">Y</subfield>
      <subfield code="s">Y</subfield>
      <subfield code="t">PERIODICAL</subfield>
      <subfield code="u">6/20/2012</subfield>
      <subfield code="o">.STAFF. B0052379</subfield>
   </datafield>
   <datafield ind1=" " ind2=" " tag="926">
      <subfield code="a">NX 1 A7952 v.22: no.4 2003</subfield>
      <subfield code="w">LCPER</subfield>
      <subfield code="c">1</subfield>
      <subfield code="i">0162030799165</subfield>
      <subfield code="l">ON_SHELF</subfield>
      <subfield code="m">UABARD</subfield>
      <subfield code="r">Y</subfield>
      <subfield code="s">Y</subfield>
      <subfield code="t">PERIODICAL</subfield>
      <subfield code="u">6/20/2012</subfield>
      <subfield code="o">.STAFF. B0052380</subfield>
   </datafield>
   <datafield ind1=" " ind2=" " tag="926">
      <subfield code="a">NX 1 A7952 v.17: no.1 1998</subfield>
      <subfield code="w">LCPER</subfield>
      <subfield code="c">1</subfield>
      <subfield code="i">0162030799108</subfield>
      <subfield code="l">ON_SHELF</subfield>
      <subfield code="m">UABARD</subfield>
      <subfield code="r">Y</subfield>
      <subfield code="s">Y</subfield>
      <subfield code="t">PERIODICAL</subfield>
      <subfield code="u">6/20/2012</subfield>
      <subfield code="o">.STAFF. B0052380</subfield>
   </datafield>
   <datafield ind1=" " ind2=" " tag="926">
      <subfield code="a">NX 1 A7952 v.23: no.3 2004</subfield>
      <subfield code="w">LCPER</subfield>
      <subfield code="c">1</subfield>
      <subfield code="i">0162030799041</subfield>
      <subfield code="l">ON_SHELF</subfield>
      <subfield code="m">UABARD</subfield>
      <subfield code="r">Y</subfield>
      <subfield code="s">Y</subfield>
      <subfield code="t">PERIODICAL</subfield>
      <subfield code="u">6/20/2012</subfield>
      <subfield code="o">.STAFF. B0052380</subfield>
   </datafield>
   <datafield ind1=" " ind2=" " tag="926">
      <subfield code="a">NX 1 A7952 v.23: no.4 2004</subfield>
      <subfield code="w">LCPER</subfield>
      <subfield code="c">1</subfield>
      <subfield code="i">0162030798985</subfield>
      <subfield code="l">ON_SHELF</subfield>
      <subfield code="m">UABARD</subfield>
      <subfield code="r">Y</subfield>
      <subfield code="s">Y</subfield>
      <subfield code="t">PERIODICAL</subfield>
      <subfield code="u">6/20/2012</subfield>
      <subfield code="o">.STAFF. B0052380</subfield>
   </datafield>
   <datafield ind1=" " ind2=" " tag="926">
      <subfield code="a">NX 1 A7952 v.22: no.3 2003</subfield>
      <subfield code="w">LCPER</subfield>
      <subfield code="c">1</subfield>
      <subfield code="i">0162030798928</subfield>
      <subfield code="d">4/1/2015</subfield>
      <subfield code="e">3/30/2015</subfield>
      <subfield code="l">ON_SHELF</subfield>
      <subfield code="m">UABARD</subfield>
      <subfield code="n">1</subfield>
      <subfield code="r">Y</subfield>
      <subfield code="s">Y</subfield>
      <subfield code="t">PERIODICAL</subfield>
      <subfield code="u">6/20/2012</subfield>
      <subfield code="o">.STAFF. B0052380</subfield>
   </datafield>
   <datafield ind1=" " ind2=" " tag="926">
      <subfield code="a">NX 1 A7952 v.14: no.4 1995</subfield>
      <subfield code="w">LCPER</subfield>
      <subfield code="c">1</subfield>
      <subfield code="i">0162030799595</subfield>
      <subfield code="d">12/18/2012</subfield>
      <subfield code="e">12/17/2012</subfield>
      <subfield code="l">ON_SHELF</subfield>
      <subfield code="m">UABARD</subfield>
      <subfield code="n">1</subfield>
      <subfield code="r">Y</subfield>
      <subfield code="s">Y</subfield>
      <subfield code="t">PERIODICAL</subfield>
      <subfield code="u">6/20/2012</subfield>
      <subfield code="o">.STAFF. B0052380</subfield>
   </datafield>
   <datafield ind1=" " ind2=" " tag="926">
      <subfield code="a">NX 1 A7952 v.28: no.4 2009</subfield>
      <subfield code="w">LCPER</subfield>
      <subfield code="c">1</subfield>
      <subfield code="i">0162030799538</subfield>
      <subfield code="l">ON_SHELF</subfield>
      <subfield code="m">UABARD</subfield>
      <subfield code="r">Y</subfield>
      <subfield code="s">Y</subfield>
      <subfield code="t">PERIODICAL</subfield>
      <subfield code="u">6/20/2012</subfield>
      <subfield code="o">.STAFF. C0013235</subfield>
   </datafield>
   <datafield ind1=" " ind2=" " tag="926">
      <subfield code="a">NX 1 A7952 v.28: no.3 2009</subfield>
      <subfield code="w">LCPER</subfield>
      <subfield code="c">1</subfield>
      <subfield code="i">0162030799470</subfield>
      <subfield code="l">ON_SHELF</subfield>
      <subfield code="m">UABARD</subfield>
      <subfield code="r">Y</subfield>
      <subfield code="s">Y</subfield>
      <subfield code="t">PERIODICAL</subfield>
      <subfield code="u">6/20/2012</subfield>
      <subfield code="o">.STAFF. C0013235</subfield>
   </datafield>
   <datafield ind1=" " ind2=" " tag="926">
      <subfield code="a">NX 1 A7952 v.14: no.2 1995</subfield>
      <subfield code="w">LCPER</subfield>
      <subfield code="c">1</subfield>
      <subfield code="i">0162030799413</subfield>
      <subfield code="l">ON_SHELF</subfield>
      <subfield code="m">UABARD</subfield>
      <subfield code="r">Y</subfield>
      <subfield code="s">Y</subfield>
      <subfield code="t">PERIODICAL</subfield>
      <subfield code="u">6/20/2012</subfield>
      <subfield code="o">.STAFF. B0052380</subfield>
   </datafield>
   <datafield ind1=" " ind2=" " tag="926">
      <subfield code="a">NX 1 A7952 v.15: no.3 1996</subfield>
      <subfield code="w">LCPER</subfield>
      <subfield code="c">1</subfield>
      <subfield code="i">0162030799355</subfield>
      <subfield code="l">ON_SHELF</subfield>
      <subfield code="m">UABARD</subfield>
      <subfield code="r">Y</subfield>
      <subfield code="s">Y</subfield>
      <subfield code="t">PERIODICAL</subfield>
      <subfield code="u">6/20/2012</subfield>
      <subfield code="o">.STAFF. B0052380</subfield>
   </datafield>
   <datafield ind1=" " ind2=" " tag="926">
      <subfield code="a">NX 1 A7952 v.19: no.3 2000</subfield>
      <subfield code="w">LCPER</subfield>
      <subfield code="c">1</subfield>
      <subfield code="i">0162030799298</subfield>
      <subfield code="l">ON_SHELF</subfield>
      <subfield code="m">UABARD</subfield>
      <subfield code="r">Y</subfield>
      <subfield code="s">Y</subfield>
      <subfield code="t">PERIODICAL</subfield>
      <subfield code="u">6/20/2012</subfield>
      <subfield code="o">.STAFF. B0052380</subfield>
   </datafield>
   <datafield ind1=" " ind2=" " tag="926">
      <subfield code="a">NX 1 A7952 v.19: no.2 2000</subfield>
      <subfield code="w">LCPER</subfield>
      <subfield code="c">1</subfield>
      <subfield code="i">0162030799231</subfield>
      <subfield code="l">ON_SHELF</subfield>
      <subfield code="m">UABARD</subfield>
      <subfield code="r">Y</subfield>
      <subfield code="s">Y</subfield>
      <subfield code="t">PERIODICAL</subfield>
      <subfield code="u">6/20/2012</subfield>
      <subfield code="o">.STAFF. B0052380</subfield>
   </datafield>
   <datafield ind1=" " ind2=" " tag="926">
      <subfield code="a">NX 1 A7952 v.18: no.3 1999</subfield>
      <subfield code="w">LCPER</subfield>
      <subfield code="c">1</subfield>
      <subfield code="i">0162030799173</subfield>
      <subfield code="l">ON_SHELF</subfield>
      <subfield code="m">UABARD</subfield>
      <subfield code="r">Y</subfield>
      <subfield code="s">Y</subfield>
      <subfield code="t">PERIODICAL</subfield>
      <subfield code="u">6/20/2012</subfield>
      <subfield code="o">.STAFF. B0052380</subfield>
   </datafield>
   <datafield ind1=" " ind2=" " tag="926">
      <subfield code="a">PER v. 31 no. 3 issue 123 2012</subfield>
      <subfield code="w">LCPER</subfield>
      <subfield code="c">1</subfield>
      <subfield code="i">1007027509</subfield>
      <subfield code="d">9/5/2012</subfield>
      <subfield code="l">PERIODICAL</subfield>
      <subfield code="m">GR_MAC_CAC</subfield>
      <subfield code="r">Y</subfield>
      <subfield code="s">Y</subfield>
      <subfield code="t">PERIODICAL</subfield>
      <subfield code="u">9/4/2012</subfield>
   </datafield>
   <datafield ind1=" " ind2=" " tag="926">
      <subfield code="a">PER v. 31 no. 4 issue 124 2012</subfield>
      <subfield code="w">LCPER</subfield>
      <subfield code="c">1</subfield>
      <subfield code="i">1007347162</subfield>
      <subfield code="d">2/11/2013</subfield>
      <subfield code="e">1/14/2013</subfield>
      <subfield code="l">PERIODICAL</subfield>
      <subfield code="m">GR_MAC_CAC</subfield>
      <subfield code="n">1</subfield>
      <subfield code="q">1</subfield>
      <subfield code="r">Y</subfield>
      <subfield code="s">Y</subfield>
      <subfield code="t">PERIODICAL</subfield>
      <subfield code="u">1/2/2013</subfield>
   </datafield>
   <datafield ind1=" " ind2=" " tag="926">
      <subfield code="a">PER v. 32 no. 1 issue 125 2013</subfield>
      <subfield code="w">LCPER</subfield>
      <subfield code="c">1</subfield>
      <subfield code="i">1006979494</subfield>
      <subfield code="d">4/22/2013</subfield>
      <subfield code="e">4/15/2013</subfield>
      <subfield code="l">PERIODICAL</subfield>
      <subfield code="m">GR_MAC_CAC</subfield>
      <subfield code="n">1</subfield>
      <subfield code="r">Y</subfield>
      <subfield code="s">Y</subfield>
      <subfield code="t">PERIODICAL</subfield>
      <subfield code="u">4/5/2013</subfield>
   </datafield>
   <datafield ind1=" " ind2=" " tag="926">
      <subfield code="a">PER v. 32 no. 2 issue 126 2013</subfield>
      <subfield code="w">LCPER</subfield>
      <subfield code="c">1</subfield>
      <subfield code="i">1006986630</subfield>
      <subfield code="d">10/3/2013</subfield>
      <subfield code="e">9/27/2013</subfield>
      <subfield code="l">PERIODICAL</subfield>
      <subfield code="m">GR_MAC_CAC</subfield>
      <subfield code="n">1</subfield>
      <subfield code="r">Y</subfield>
      <subfield code="s">Y</subfield>
      <subfield code="t">PERIODICAL</subfield>
      <subfield code="u">6/10/2013</subfield>
   </datafield>
   <datafield ind1=" " ind2=" " tag="926">
      <subfield code="a">PER v. 32 no. 3 issue 127 2013</subfield>
      <subfield code="w">LCPER</subfield>
      <subfield code="c">1</subfield>
      <subfield code="i">1007284654</subfield>
      <subfield code="d">10/29/2013</subfield>
      <subfield code="e">10/16/2013</subfield>
      <subfield code="l">PERIODICAL</subfield>
      <subfield code="m">GR_MAC_CAC</subfield>
      <subfield code="n">1</subfield>
      <subfield code="r">Y</subfield>
      <subfield code="s">Y</subfield>
      <subfield code="t">PERIODICAL</subfield>
      <subfield code="u">9/6/2013</subfield>
   </datafield>
   <datafield ind1=" " ind2=" " tag="926">
      <subfield code="a">PER v. 32 no. 4 issue 128 2013</subfield>
      <subfield code="w">LCPER</subfield>
      <subfield code="c">1</subfield>
      <subfield code="i">1007313693</subfield>
      <subfield code="d">12/20/2013</subfield>
      <subfield code="l">PERIODICAL</subfield>
      <subfield code="m">GR_MAC_CAC</subfield>
      <subfield code="r">Y</subfield>
      <subfield code="s">Y</subfield>
      <subfield code="t">PERIODICAL</subfield>
      <subfield code="u">12/19/2013</subfield>
   </datafield>
   <datafield ind1=" " ind2=" " tag="926">
      <subfield code="a">PER v. 33 no. 1 issue 129 2014</subfield>
      <subfield code="w">LCPER</subfield>
      <subfield code="c">1</subfield>
      <subfield code="i">1007367939</subfield>
      <subfield code="d">4/16/2014</subfield>
      <subfield code="e">4/16/2014</subfield>
      <subfield code="l">PERIODICAL</subfield>
      <subfield code="m">GR_MAC_CAC</subfield>
      <subfield code="n">1</subfield>
      <subfield code="r">Y</subfield>
      <subfield code="s">Y</subfield>
      <subfield code="t">PERIODICAL</subfield>
      <subfield code="u">3/28/2014</subfield>
   </datafield>
   <datafield ind1=" " ind2=" " tag="926">
      <subfield code="a">PER v. 33 no. 2 issue 130 2014</subfield>
      <subfield code="w">LCPER</subfield>
      <subfield code="c">1</subfield>
      <subfield code="i">1007398827</subfield>
      <subfield code="d">9/8/2014</subfield>
      <subfield code="l">PERIODICAL</subfield>
      <subfield code="m">GR_MAC_CAC</subfield>
      <subfield code="q">1</subfield>
      <subfield code="r">Y</subfield>
      <subfield code="s">Y</subfield>
      <subfield code="t">PERIODICAL</subfield>
      <subfield code="u">6/30/2014</subfield>
   </datafield>
   <datafield ind1=" " ind2=" " tag="926">
      <subfield code="a">PER v. 33 no. 3 issue 131 2014</subfield>
      <subfield code="w">LCPER</subfield>
      <subfield code="c">1</subfield>
      <subfield code="i">1007392911</subfield>
      <subfield code="d">10/14/2014</subfield>
      <subfield code="e">10/8/2014</subfield>
      <subfield code="l">PERIODICAL</subfield>
      <subfield code="m">GR_MAC_CAC</subfield>
      <subfield code="n">1</subfield>
      <subfield code="r">Y</subfield>
      <subfield code="s">Y</subfield>
      <subfield code="t">PERIODICAL</subfield>
      <subfield code="u">9/10/2014</subfield>
   </datafield>
   <datafield ind1=" " ind2=" " tag="926">
      <subfield code="a">PER v. 33 no. 4 issue 132 2014</subfield>
      <subfield code="w">LCPER</subfield>
      <subfield code="c">1</subfield>
      <subfield code="i">1007806621</subfield>
      <subfield code="d">1/15/2015</subfield>
      <subfield code="e">1/6/2015</subfield>
      <subfield code="l">PERIODICAL</subfield>
      <subfield code="m">GR_MAC_CAC</subfield>
      <subfield code="n">1</subfield>
      <subfield code="r">Y</subfield>
      <subfield code="s">Y</subfield>
      <subfield code="t">PERIODICAL</subfield>
      <subfield code="u">12/16/2014</subfield>
   </datafield>
   <datafield ind1=" " ind2=" " tag="926">
      <subfield code="a">PER v. 34 no. 1 issue 133 2015</subfield>
      <subfield code="w">LCPER</subfield>
      <subfield code="c">1</subfield>
      <subfield code="i">1007812702</subfield>
      <subfield code="d">3/19/2015</subfield>
      <subfield code="l">PERIODICAL</subfield>
      <subfield code="m">GR_MAC_CAC</subfield>
      <subfield code="r">Y</subfield>
      <subfield code="s">Y</subfield>
      <subfield code="t">PERIODICAL</subfield>
      <subfield code="u">3/16/2015</subfield>
   </datafield>
   <datafield ind1=" " ind2=" " tag="926">
      <subfield code="a">PER v. 34 no. 2 issue 134 2015</subfield>
      <subfield code="w">LCPER</subfield>
      <subfield code="c">1</subfield>
      <subfield code="i">1007811274</subfield>
      <subfield code="d">10/13/2015</subfield>
      <subfield code="l">PERIODICAL</subfield>
      <subfield code="m">GR_MAC_CAC</subfield>
      <subfield code="q">1</subfield>
      <subfield code="r">Y</subfield>
      <subfield code="s">Y</subfield>
      <subfield code="t">PERIODICAL</subfield>
      <subfield code="u">5/29/2015</subfield>
   </datafield>
   <datafield ind1=" " ind2=" " tag="926">
      <subfield code="a">PER v. 34 no. 3 issue 135 2015</subfield>
      <subfield code="w">LCPER</subfield>
      <subfield code="c">1</subfield>
      <subfield code="i">1007727371</subfield>
      <subfield code="d">9/3/2015</subfield>
      <subfield code="l">PERIODICAL</subfield>
      <subfield code="m">GR_MAC_CAC</subfield>
      <subfield code="r">Y</subfield>
      <subfield code="s">Y</subfield>
      <subfield code="t">PERIODICAL</subfield>
      <subfield code="u">9/1/2015</subfield>
   </datafield>
   <datafield ind1=" " ind2=" " tag="926">
      <subfield code="a">PER v. 34 no. 4 issue 136 2015</subfield>
      <subfield code="w">LCPER</subfield>
      <subfield code="c">1</subfield>
      <subfield code="i">1007741455</subfield>
      <subfield code="d">4/5/2016</subfield>
      <subfield code="e">3/22/2016</subfield>
      <subfield code="l">PERIODICAL</subfield>
      <subfield code="m">GR_MAC_CAC</subfield>
      <subfield code="n">1</subfield>
      <subfield code="r">Y</subfield>
      <subfield code="s">Y</subfield>
      <subfield code="t">PERIODICAL</subfield>
      <subfield code="u">12/22/2015</subfield>
   </datafield>
   <datafield ind1=" " ind2=" " tag="926">
      <subfield code="a">PER v. 35 no. 1 issue 137 Mar-May 2016</subfield>
      <subfield code="w">LCPER</subfield>
      <subfield code="c">1</subfield>
      <subfield code="i">1007754458</subfield>
      <subfield code="d">10/21/2016</subfield>
      <subfield code="e">10/21/2016</subfield>
      <subfield code="l">PERIODICAL</subfield>
      <subfield code="m">GR_MAC_CAC</subfield>
      <subfield code="n">2</subfield>
      <subfield code="r">Y</subfield>
      <subfield code="s">Y</subfield>
      <subfield code="t">PERIODICAL</subfield>
      <subfield code="u">3/21/2016</subfield>
   </datafield>
   <datafield ind1=" " ind2=" " tag="926">
      <subfield code="a">PER v. 35 no. 2 issue 138 June/Aug 2016</subfield>
      <subfield code="w">LCPER</subfield>
      <subfield code="c">1</subfield>
      <subfield code="i">1007646324</subfield>
      <subfield code="d">12/5/2016</subfield>
      <subfield code="e">11/24/2016</subfield>
      <subfield code="l">PERIODICAL</subfield>
      <subfield code="m">GR_MAC_CAC</subfield>
      <subfield code="n">1</subfield>
      <subfield code="r">Y</subfield>
      <subfield code="s">Y</subfield>
      <subfield code="t">PERIODICAL</subfield>
      <subfield code="u">6/22/2016</subfield>
   </datafield>
   <datafield ind1=" " ind2=" " tag="926">
      <subfield code="a">PER v. 35 no. 3 issue 139 Sept/Nov 2016</subfield>
      <subfield code="w">LCPER</subfield>
      <subfield code="c">1</subfield>
      <subfield code="i">1007661026</subfield>
      <subfield code="d">4/4/2017</subfield>
      <subfield code="e">3/28/2017</subfield>
      <subfield code="l">PERIODICAL</subfield>
      <subfield code="m">GR_MAC_CAC</subfield>
      <subfield code="n">4</subfield>
      <subfield code="r">Y</subfield>
      <subfield code="s">Y</subfield>
      <subfield code="t">PERIODICAL</subfield>
      <subfield code="u">9/13/2016</subfield>
   </datafield>
   <datafield ind1=" " ind2=" " tag="926">
      <subfield code="a">PER v. 35 no. 4 issue 140 Dec/Feb 2016</subfield>
      <subfield code="w">LCPER</subfield>
      <subfield code="c">1</subfield>
      <subfield code="i">1007842808</subfield>
      <subfield code="d">3/29/2017</subfield>
      <subfield code="e">3/29/2017</subfield>
      <subfield code="l">PERIODICAL</subfield>
      <subfield code="m">GR_MAC_CAC</subfield>
      <subfield code="n">3</subfield>
      <subfield code="r">Y</subfield>
      <subfield code="s">Y</subfield>
      <subfield code="t">PERIODICAL</subfield>
      <subfield code="u">1/3/2017</subfield>
   </datafield>
   <datafield ind1=" " ind2=" " tag="926">
      <subfield code="a">PER v. 36 no. 1 issue 141 March/May 2017</subfield>
      <subfield code="w">LCPER</subfield>
      <subfield code="c">1</subfield>
      <subfield code="i">1007855909</subfield>
      <subfield code="d">4/4/2017</subfield>
      <subfield code="e">3/21/2017</subfield>
      <subfield code="l">PERIODICAL</subfield>
      <subfield code="m">GR_MAC_CAC</subfield>
      <subfield code="n">1</subfield>
      <subfield code="r">Y</subfield>
      <subfield code="s">Y</subfield>
      <subfield code="t">PERIODICAL</subfield>
      <subfield code="u">3/16/2017</subfield>
   </datafield>
</record>
